2484 4175
265 286 382 343 120
1117 300 1196 340 nn
1225 300 1485 344 omens

301 438 338 492 9
365 450 428 490 se
453 430 871 491 adolescentem
893 430 1062 509 jussit
1087 430 1292 489 venire.
1374 430 1461 489 At
1486 430 1597 499 ille,
1624 429 1731 489 ut
1714 448 2001 509 ingressus
2028 435 2135 499 est,
2166 448 2305 490 con-

365 522 554 579 festim
581 521 837 624 gladium
863 521 1175 589 destrinxit,
1199 521 1539 600 juravitque,
1560 540 1621 579 se
1640 521 1801 579 illum
1820 520 2015 579 statim
2038 520 2303 579 interfec-

365 617 578 679 turum,
607 610 712 669 nisi
749 612 846 689 jus
888 611 1200 689 jurandum
1229 611 1498 679 dedisset,
1528 630 1590 669 se
1631 618 1855 689 patrem
1894 610 2133 669 missum
2173 629 2305 669 esse

264 708 338 761 10
365 702 677 760 facturum.
757 701 797 759 J
800 700 986 759 uravit
1010 701 1120 759 hoc
1149 709 1382 759 coactus
1410 708 1621 759 terrore
1646 701 2032 779 Pomponius;
2072 720 2198 759 rem
2224 700 2303 758 ad

368 790 648 869 populum
697 790 939 859 detulit3
982 790 1190 860 docuit,
1233 810 1337 850 cur
1390 790 1497 849 sibi
1540 809 1712 849 causa
1756 790 2028 849 desistere
2070 808 2304 850 necesse

265 887 336 941 11
370 887 553 948 esset;
595 880 872 941 Manlium
912 880 1149 939 missum
1187 881 1324 939 fecit
1419 880 1668 939 'Tantum
1693 880 2045 958 temporibus
2070 879 2181 938 illis
2204 879 2301 957 jus

361 970 671 1051 jurandum
697 970 941 1029 valebat.
1023 970 1222 1047 Atque
1250 970 1342 1029 hic
1369 970 1431 1029 Τ.
1454 970 1699 1029 Manlius
1725 970 1773 1029 is
1801 982 1904 1038 est,
1932 970 2031 1047 qui
2056 968 2133 1027 ad
2156 970 2300 1027 Ani-

367 1079 533 1119 enem
564 1060 730 1129 Galli,
759 1079 930 1139 quem
977 1060 1052 1119 ab
1093 1080 1164 1119 eo
1205 1067 1551 1139 provocatus
1598 1059 1902 1129 occiderat,
1944 1066 2149 1137 torque
2200 1058 2303 1118 de-

368 1157 568 1219 tracto,
599 1169 914 1229 cognomen
954 1148 1196 1210 invenit:
1239 1149 1406 1228 cujus
1446 1150 1615 1208 tertio
1656 1150 1957 1209 consulatu
1994 1149 2185 1207 Latini
2222 1148 2303 1206 ad

371 1240 631 1301 Veserim
658 1240 770 1301 fusi
810 1247 872 1299 et
908 1240 1108 1319 fugati.
1191 1239 1443 1319 Magnus
1468 1240 1556 1299 vir
1581 1240 1640 1298 in
1666 1239 1877 1318 primis„
1904 1246 1965 1299 et
1990 1238 2091 1319 qui
2117 1239 2307 1319 perin-

369 1330 612 1411 dulgens
639 1330 697 1389 in
723 1337 962 1409 patrem,
992 1331 1146 1389 idem
1169 1331 1375 1389 acerbe
1400 1348 1633 1389 severus
1659 1329 1719 1389 in
1744 1329 1939 1408 filium.

448 1510 694 1568 XXXII.
725 1507 840 1567 Sed
863 1518 928 1568 ut
947 1507 1269 1567 laudandus
1296 1508 1558 1588 Regulus
1574 1509 1635 1568 in
1654 1508 2037 1569 eonservando
2060 1508 2191 1587 jure
2212 1508 2309 1587 ju-

368 1599 565 1667 rand0‚
595 1598 674 1657 sic
703 1597 904 1657 decem
930 1598 1026 1667 illi,
1055 1618 1200 1675 quos
1229 1606 1363 1677 post
1392 1600 1753 1658 Cannensem
1792 1618 2049 1678 pugnam
2082 1598 2311 1677 juratos

369 1688 447 1747 ad
473 1694 732 1747 senatum
759 1687 910 1745 misit
938 1688 1242 1757 Hannibal,
1264 1708 1327 1747 se
1353 1689 1413 1747 in
1440 1698 1627 1748 castra
1652 1689 1935 1748 redituros
1960 1707 2047 1757 ea,
2064 1708 2311 1766 quorum

369 1785 532 1839 erant
557 1776 722 1857 potiti
748 1778 932 1846 Poeni,
961 1777 1066 1835 nisi
1093 1777 1166 1836 de
1193 1778 1539 1840 redimendis
1567 1778 1803 1857 captivis
1828 1778 2312 1856 impetravissent,

305 1876 342 1929 2
371 1870 419 1928 si
456 1888 572 1927 non
609 1866 916 1937 redierunt,
958 1867 1334 1946 vituperandi.
1416 1869 1507 1927 De
1550 1869 1756 1947 quibus
1797 1888 1913 1927 non
1954 1886 2151 1927 omnes
2193 1886 2315 1927 uno

369 1960 560 2019 mod0.
589 2029 598 2037 ,
629 1960 784 2017 Nam
809 1958 1102 2039 Polybius,
1121 1959 1307 2019 bonus
1332 1966 1533 2018 auctor
1557 1960 1615 2019 in
1641 1959 1853 2037 primis,
1882 1976 1955 2017 ex
1982 1958 2184 2017 decem
2199 1972 2315 2017 'no-

369 2049 668 2119 bilissimiS,
697 2049 796 2128 qui
821 2056 946 2108 tum
973 2055 1136 2108 erant
1159 2050 1332 2119 missi,
1360 2068 1569 2110 novem
1595 2049 1893 2109 revertisse
1922 2045 2131 2129 [dicit],
2160 2066 2197 2106 a
2210 2066 2316 2116 ,se-

369 2149 514 2200 natu
537 2160 600 2200 re
618 2160 732 2199 non
757 2140 1086 2219 impetrata:
1115 2160 1296 2199 unum
1316 2159 1388 2198 ex
1408 2139 1624 2209 decem,
1646 2139 1744 2218 qui
1770 2139 1945 2218 paulo
1963 2145 2113 2218 post,
2136 2157 2317 2216 qnam

373 2251 638 2312 egressus
677 2237 800 2288 erat
833 2250 865 2288 e
892 2230 1107 2298 castris,
1135 2229 1395 2298 redisset,
1414 2229 1587 2307 vquasi
1628 2229 1841 2308 aliquid
1886 2235 2039 2288 esset
2080 2229 2313 2298 oblitus,

307 2327 343 2380 3
372 2323 574 2385 Romae
599 2319 956 2378 remansisse.
1039 2319 1255 2378 Reditu
1280 2319 1431 2378 enim
1455 2319 1515 2377 in
1540 2326 1729 2378 castra
1766 2319 2069 2378 liberatum
2096 2337 2158 2377 se
2186 2337 2315 2378 esse

367 2411 496 2489 jure
519 2408 766 2487 jurando
791 2409 1288 2487 interpretabatur.
1370 2409 1505 2468 Non
1530 2416 1717 2468 recte:
1751 2409 1909 2468 fraus
1935 2408 2084 2467 enim
2110 2409 2313 2467 astrin-

307 2505 344 2558 4
371 2500 474 2578 git,
496 2517 610 2556 non
631 2497 886 2556 dissolvit
913 2499 1243 2577 perjurium.
1306 2499 1442 2558 Fuit
1470 2500 1646 2580 igitur
1664 2499 1844 2557 stulta
1864 2499 2158 2567 calliditas,
2182 2516 2313 2578 per-

371 2607 534 2648 verse
571 2588 790 2646 imitata
831 2587 1210 2666 prudentiam.
1294 2590 1501 2668 Itaque
1546 2589 1799 2648 decrevit
1836 2596 2082 2658 senatuS,
2112 2595 2181 2647 ut
2218 2589 2315 2648 ille

309 2685 344 2740 ὅ
372 2671 660 2738 veterator
685 2685 746 2735 et
773 2677 1013 2737 callidus
1040 2679 1265 2738 vinctus
1292 2679 1369 2737 ad
1396 2679 1776 2738 Hannibalem
1802 2679 2123 2739 duceretur.
2194 2678 2316 2738 Sed

373 2765 517 2827 illud
543 2767 886 2826 maximum:
929 2774 1061 2828 octo
1087 2769 1383 2828 hominum
1422 2769 1579 2827 milia
1600 2769 1835 2828 tenebat
1862 2768 2169 2837 Hannibal,
2198 2787 2317 2826 non

373 2877 518 2936 quos
557 2858 618 2917 in
655 2858 777 2918 acie
818 2857 1080 2936 cepisset,
1109 2865 1214 2916 aut
1252 2859 1353 2936 qui
1393 2859 1645 2937 periculo
1687 2859 1885 2932 mortis
1928 2857 2314 2938 diffugissent,

373 2948 479 3007 sed
521 2948 620 3028 qui
657 2948 838 3007 relicti
875 2947 936 3006 in
975 2948 1174 3006 castris
1201 2948 1441 3008 fuissent
1468 2969 1504 3006 a
1528 2949 1713 3008 Paulo
1740 2955 1801 3006 et
1826 2967 1862 3006 a
1890 2947 2149 3006 Varrone
2178 2969 2318 3007 con-

309 3043 345 3096 6
375 3038 608 3098 sulibus.
689 3039 807 3096 Eos
835 3044 1066 3096 senatus
1091 3057 1207 3096 non
1233 3039 1455 3097 censuit
1478 3037 1857 3107 redimendOS,
1886 3058 2020 3097 cum
2044 3037 2105 3096 id
2134 3058 2321 3116 parva

374 3129 612 3206 pecunia
657 3129 778 3186 fieri
817 3135 1044 3207 posset:
1087 3134 1156 3186 ut
1197 3135 1353 3186 esset
1388 3128 1620 3188 insitum
1658 3129 1927 3188 militibus
1944 3179 1949 3182 .
1966 3127 2173 3186 nostris
2214 3136 2321 3186 aut

311 3217 344 3276 ’1
373 3217 612 3286 vincere,
641 3225 743 3275 aut
769 3218 963 3277 emori.
1033 3219 1161 3288 Qua
1187 3218 1422 3297 quidem
1446 3238 1511 3278 re
1540 3219 1753 3288 audita,
1782 3219 2032 3278 fractum
2055 3209 2318 3279 'animum

376 3305 708 3364 Hannibalis
735 3307 931 3366 scribit
953 3306 1124 3377 idem,
1153 3309 1311 3386 quod
1340 3315 1570 3368 senatus
1612 3307 1976 3388 populusque
2016 3308 2319 3366 Romanus
2427 3353 2433 3362 .

310 3403 346 3456 8
376 3394 548 3454 rebus
567 3395 788 3454 afflictis
813 3403 934 3455 tam
954 3399 1178 3457 excelso
1199 3399 1387 3458 animo
1411 3399 1629 3458 fuisset.
1692 3399 1788 3458 Sic
1813 3396 2129 3456 honestatis
2156 3417 2319 3458 com-

311 3491 348 3546 9
376 3485 666 3564 paratione
694 3505 778 3556 ea,
801 3505 932 3564 quae
963 3486 1228 3547 videntur
1253 3487 1429 3558 utilia,
1458 3489 1779 3549 vincuntur.
1848 3487 2069 3547 Acilius
2096 3495 2319 3558 autem,

376 3575 474 3654 qni
506 3575 711 3634 Graece
749 3575 972 3653 scripsit
1015 3577 1324 3647 historiam,
1356 3579 1549 3657 plures
1588 3579 1671 3638 ait
1694 3577 1889 3647 fuisse,
1914 3577 2015 3656 qui
2039 3577 2099 3636 in
2124 3585 2323 3638 castra

373 3665 754 3734 revertissent,
777 3665 980 3724 eadem
1005 3666 1226 3736 fraude,
1256 3676 1323 3726 ut
1343 3669 1476 3748 jure
1497 3668 1746 3748 jurando
1772 3667 2167 3740 liberarentur,
2188 3687 2321 3730 eos-
