2484 4175
233 265 318 322 40
1071 279 1150 322 nn
1177 277 1437 324 omens

338 417 432 469 tos
477 429 604 470 esse
642 410 932 488 personis:
975 429 1218 488 quarum
1264 429 1381 470 una
1420 409 1735 470 communis
1774 414 1880 478 est,
1909 426 1981 468 ex
2006 427 2095 477 eo,
2124 407 2288 486 quod

340 520 534 559 omnes
582 501 886 580 participes
935 521 1132 560 sumus
1179 501 1411 560 rationis
1459 501 1921 580 praestantiaeque
1974 501 2118 578 ejus,
2168 517 2289 577 qua

337 592 726 650 antecellimus
753 591 964 660 bestiis,
995 611 1031 648 a
1056 610 1174 671 qua
1198 610 1369 650 omne
1406 591 1711 649 honestum
1752 591 2139 668 decorumque
2166 596 2287 646 tra-

339 680 510 750 hitur,
559 688 620 739 et
665 700 738 740 ex
783 699 898 758 qua
943 681 1088 740 ratio
1127 681 1447 740 inveniendi
1492 681 1660 739 officii
1706 680 2051 758 exquiritur:
2102 678 2289 738 altera
2402 698 2410 706 ·
2470 695 2472 706 ·

273 777 310 830 8
339 775 548 840 autem,
577 791 709 849 quae
739 771 966 849 proprie
995 771 1230 850 singulis
1270 777 1359 830 est
1396 771 1626 830 tributa.
1708 771 1793 829 Ut
1819 771 1969 830 enim
1992 770 2051 827 in
2078 788 2288 847 corpo-

337 860 495 918 ribus
537 879 765 940 magnae
809 861 1289 919 dissimilitudines
1330 866 1481 929 sunt,
1526 861 1665 920 alios
1694 859 1953 919 videmus
1978 859 2288 918 velocitate

337 949 414 1008 ad
461 970 712 1019 cursum,
755 950 893 1009 alios
931 951 1145 1010 viribus
1185 950 1263 1007 ad
1302 950 1641 1010 luctandum
1666 951 1891 1019 valere;
1929 949 2181 1028 itemque
2226 949 2287 1006 in

335 1039 536 1098 formis
561 1041 684 1099 aliis
711 1039 1049 1120 dignitatem
1073 1041 1275 1110 inesse,
1304 1039 1429 1113 aliis
1453 1046 1844 1100 venustatem:
1886 1040 1965 1098 sic
1993 1039 2053 1098 in
2078 1038 2287 1096 animis

273 1135 309 1188 9
338 1129 588 1190 existunt
627 1131 876 1211 majores
915 1131 1088 1190 etiam
1111 1131 1433 1190 varietates.
1515 1130 1657 1189 Erat
1686 1130 1746 1188 in
1771 1130 1837 1189 L.
1868 1129 2187 1232 Οζαξεεῂὲῃ
2196 1128 2373 1232 ἔπῃ

335 1219 606 1300 Philippo
632 1221 846 1280 multus
873 1221 1068 1300 lepos:
1096 1221 1283 1300 major
1308 1221 1480 1279 etiam
1504 1220 1802 1299 magisque
1830 1201 1912 1278 <13
1922 1206 2205 1277 industria
2223 1238 2287 1277 m

341 1310 408 1369 C.
440 1312 690 1379 Oaesare,
718 1311 785 1370 L.
815 1311 882 1370 F.
951 1310 1039 1377 At
1064 1310 1267 1377 iisdem
1306 1310 1660 1388 temporibus
1692 1311 1751 1368 in
1776 1311 1867 1375 M.
1888 1310 2105 1368 Scauro
2132 1315 2196 1367 et
2223 1309 2287 1367 in

335 1400 416 1458 M.
445 1401 636 1458 Druso
663 1399 1023 1458 adolescente
1050 1399 1351 1478 singularis
1378 1400 1666 1468 severitas,
1696 1400 1756 1458 in
1784 1400 1849 1458 Ο.
1879 1399 2055 1458 Laelio
2090 1399 2285 1457 multa
2344 1453 2396 1474 ῤ,

334 1489 602 1557 hilaritas,
631 1488 690 1548 in
730 1490 856 1568 ejus
893 1489 1154 1546 familiari
1199 1490 1463 1568 Scipione
1506 1491 1741 1549 ambitio
1780 1490 1979 1569 major,
2020 1489 2139 1547 vita
2176 1489 2281 1547 tri·
2300 1482 2434 1534 Δι’-θ’

235 1585 308 1638 10
336 1578 491 1636 stior.
573 1578 664 1636 De
697 1579 914 1637 Graecis
953 1585 1148 1636 autem
1190 1579 1419 1638 dulcem
1446 1586 1507 1638 et
1530 1580 1802 1650 facetum,
1829 1578 2129 1657 festivique
2158 1599 2282 1638 ser·

331 1667 532 1736 monis,
579 1674 751 1745 atque
791 1667 849 1726 in
899 1668 1053 1726 omni
1102 1668 1353 1727 oratione
1406 1669 1811 1739 simulatorem,
1860 1689 2033 1748 quem
2086 1671 2285 1750 εῗςωνα

337 1757 532 1816 Graeci
556 1757 932 1827 nominarunt,
955 1757 1255 1818 Socratem
1274 1759 1630 1837 accepimus:
1662 1767 1860 1818 contra
1878 1760 2283 1838 Pythagoram

333 1855 394 1906 et
417 1847 697 1906 Periclem
723 1867 1006 1907 summam
1046 1849 1443 1908 auctoritatem
1483 1857 1819 1910 consecutos
1846 1850 1964 1908 sine
1988 1849 2108 1908 ulla
2133 1849 2281 1908 hila-

231 1942 302 1997 11
333 1938 519 1998 ritate.
604 1938 892 1998 Callidum
931 1939 1313 1999 Hannibalem
1356 1958 1429 1999 ex
1467 1940 1793 2008 Paenorum‚
1826 1959 1897 1999 ex
1934 1939 2143 1998 nostris
2168 1939 2283 2000 du·

333 2028 496 2089 cibus
523 2028 598 2097 Q.
630 2029 950 2090 Maximum
988 2031 1315 2111 accepimus
1350 2030 1515 2090 facile
1542 2031 1745 2100 celare,
1775 2037 1983 2099 tacere,
2014 2030 2283 2090 dissimu-

231 2124 304 2179 12
335 2120 471 2190 lare,
513 2120 778 2190 insidiari,
824 2121 1128 2201 praeripere
1167 2122 1419 2180 hostium
1461 2121 1706 2181 consilia.
1789 2122 1861 2179 In
1906 2140 2021 2199 quo
2064 2138 2283 2200 genere

335 2210 526 2270 Graeci
553 2211 992 2269 Themistoclem
1032 2217 1092 2269 et
1130 2210 1439 2269 Pheraeum
1480 2212 1520 2269 J
1520 2230 1751 2270 asonem
1793 2207 1993 2270 ceteris
2035 2218 2281 2289 antepo-

2451 1491 2459 1500 ,

331 2307 508 2369 nunt;
536 2301 594 2357 in
621 2300 928 2377 primisque
945 2306 1239 2357 versutum
1264 2306 1323 2357 et
1351 2299 1618 2359 callidum
1645 2302 1864 2359 factum
1890 2300 2133 2369 Solonis,
2156 2302 2279 2379 qui,

241 2399 252 2408 ·’
288 2387 294 2396 ¹
332 2392 447 2467 quo
487 2395 546 2447 et
585 2388 762 2447 tutior
787 2388 906 2446 vita
945 2388 1069 2467 ejus
1109 2395 1279 2457 esset,
1308 2395 1368 2447 et
1395 2389 1527 2467 plus
1568 2390 1857 2468 aliquanto
1896 2392 1979 2450 rei
2020 2391 2277 2470 publicae

230 2484 304 2538 13
333 2478 650 2556 prodesset,
672 2478 860 2536 furere
881 2496 943 2536 se
965 2476 1265 2536 simulavit.
1332 2478 1481 2537 Sunt
1500 2480 1588 2537 his
1608 2480 1703 2537 alii
1720 2478 1968 2540 multum
1996 2481 2277 2559 dispares,

333 2566 614 2645 simplices
661 2572 722 2625 et
767 2567 986 2646 aperti;
1026 2567 1125 2644 qui
1171 2567 1311 2625 nihil
1358 2586 1431 2625 ex
1478 2569 1722 2637 occulto,
1763 2570 1902 2628 nihil
1942 2572 2017 2631 de
2058 2572 2276 2633 insidiis

333 2653 622 2735 agendum
663 2662 887 2734 putant,
914 2656 1168 2740 veritatis
1195 2658 1469 2730 cultores,
1498 2658 1713 2717 fraudis
1739 2658 1946 2719 inimici
1968 2681 1983 2731 ;
2022 2662 2279 2741 itemque

332 2746 441 2815 alii,
481 2745 582 2824 qui
620 2746 844 2825 quidvis
889 2745 1299 2826 perpetiantur,
1344 2748 1519 2807 cuivis
1559 2748 1897 2821 deserviant,
1928 2752 2084 2823 dum,
2114 2755 2279 2832 quod

331 2837 525 2907 velint,
555 2846 1006 2916 consequantur-z
1047 2843 1116 2897 ut
1155 2837 1377 2897 Sullam
1416 2845 1477 2897 et
1508 2838 1589 2899 M.
1620 2840 1892 2899 Crassum
1918 2842 2275 2904 videbamus

229 2932 304 2988 14
335 2929 463 2999 Quo
487 2927 546 2986 in
574 2945 785 3009 genere
810 2916 1263 2987 versutissimum
1288 2935 1349 2987 et
1387 2930 1867 3013 patientissimum
1904 2932 2274 3008 Lacedaemo-

329 3020 487 3078 nium
529 3016 892 3098 Lysandrum
933 3020 1289 3098 accepimus;
1330 3028 1642 3100 contraque
1682 3002 2125 3093 canicra‘tidam,
2171 3026 2277 3103 qui

230 3116 302 3169 15
333 3109 642 3188 praefectus
671 3107 865 3169 classis
892 3110 1182 3189 proximus
1223 3117 1357 3189 post
1394 3112 1757 3190 Lysandrum
1798 3112 1923 3173 fuit.
2005 3113 2277 3193 Itemque

329 3199 389 3257 in
413 3199 768 3257 sermonibus
797 3199 988 3269 alium,
1010 3201 1272 3281 quamvis
1299 3208 1629 3281 praepotens
1656 3202 1745 3271 sit,
1768 3202 2006 3271 efficere,
2028 3211 2099 3263 ut
2121 3224 2277 3265 unus

332 3286 406 3346 de
448 3287 643 3345 multis
685 3305 810 3346 esse
847 3288 1142 3349 videatur:
1184 3290 1341 3369 quod
1380 3292 1440 3349 in
1480 3292 1704 3362 Catule,
1732 3299 1793 3351 et
1818 3292 1877 3351 in
1917 3300 2099 3372 patre,
2126 3302 2189 3354 et
2213 3295 2275 3355 in

229 3383 302 3437 16
332 3377 460 3445 filio,
479 3376 728 3453 itemque
743 3376 803 3435 in
823 3377 891 3445 Q.
911 3376 1102 3438 Mucio
1123 3378 1348 3439 Mancia
1363 3381 1624 3441 vidimus,
1706 3382 1924 3441 Audivi
1942 3402 2015 3443 ex
2040 3385 2273 3463 majori·

332 3468 442 3528 bus
461 3473 618 3535 natu,
647 3466 758 3524 hoe
787 3466 939 3525 idem
976 3468 1152 3525 fuisse
1178 3468 1236 3527 in
1262 3469 1331 3529 P.
1362 3470 1625 3551 Scipione
1670 3470 1730 3529 N
1730 3472 1914 3542 asica;
1960 3479 2273 3553 contraque

330 3563 554 3637 patrem
581 3556 725 3635 ejus,
752 3555 931 3630 illum,
959 3557 1058 3635 qui
1083 3557 1165 3616 Ti.
1197 3558 1445 3619 Gracchi
1472 3567 1709 3621 conatus
1736 3562 1991 3640 perditos
2021 3564 2273 3624 vindica-

330 3646 432 3717 vit,
477 3646 695 3707 nullam
739 3640 1066 3706 comitatem
1102 3647 1371 3708 habuisse
1416 3649 1721 3710 sermonis:
1770 3670 1843 3710 ne
1889 3652 2271 3718 Xenocratem
