2484 4175
240 301 359 358 10⁶
1070 313 1147 354 na
1188 312 1446 354 ort-rens

332 445 431 525 jus
468 443 631 504 civile
672 461 799 502 esse
836 442 1154 502 voluerunt.
1234 441 1410 512 Quod
1449 439 1630 510 civile,
1657 461 1774 502 non
1811 440 1967 503 idem
1993 443 2285 503 continuo

272 541 309 595 6
337 535 625 614 gentium3
652 534 825 637 ‘quod
850 540 1045 594 autem
1070 533 1350 612 gentium,
1371 531 1527 592 idem
1551 532 1714 592 civile
1739 551 1868 592 esse
1893 531 2086 592 debet.
2157 532 2282 592 Sed

334 645 441 684 nos
482 624 603 684 veri
642 622 787 702 juris
827 641 1229 702 germanaeque
1267 623 1504 701 J‘mstitiae
1551 622 1796 682 solidam
1837 629 1900 680 et
1943 641 2282 701 expressam

336 715 583 794 effigiem
607 713 825 774 nullam
851 721 1145 782 tenemus;
1185 713 1394 772 umbra
1413 719 1474 772 et
1492 712 1832 792 imaginibus
1853 712 2090 772 utimur.
2161 713 2282 771 Eas

335 806 489 884 ipsas
514 804 733 863 utinam
758 821 1144 881 sequeremur.
1227 803 1518 862 Feruntur
1543 803 1694 862 enim
1713 822 1786 862 ex
1805 802 2034 882 optimis
2053 810 2280 862 natum

274 896 307 955 ’1
336 903 397 954 et
415 894 669 954 veritatis
688 893 977 971 exemplis.
1046 893 1201 954 Nam
1222 893 1423 971 quanti
1442 893 1618 954 verba
1639 893 1756 962 illa,
1783 912 1825 952 u
1839 913 1874 952 ‘r
1888 912 1914 950 1
1955 912 1997 950 ιι
2013 912 2053 950 ιι
2097 912 2138 950 P
2155 913 2196 950 a
2213 913 2280 952 o-

334 1004 509 1044 run
546 1004 627 1044 u
663 1003 985 1042 nnnuvn
1023 1001 1215 1042 runa
1255 1002 1531 1043 car-rus
1565 993 2087 1042 raaunarusvn
2123 983 2279 1042 sur!

336 1073 839 1146 Quamillaaurea,
857 1093 943 1134 ιιι·
976 1093 1192 1134 mua
1226 1093 1456 1134 nouos
1493 1093 1682 1132 ιιιιιιιι
1707 1091 1931 1132 aaran
1961 1091 2282 1132 oronrnr

334 1185 423 1224 nr
462 1184 651 1224 ειιιιι
698 1164 1289 1224 raaunarronnl
1359 1164 1494 1233 Sed,
1517 1164 1618 1241 qui
1641 1163 1756 1222 sint
1779 1163 1930 1232 boni,
1951 1162 2178 1240 etquid
2203 1163 2282 1222 sit

272 1262 307 1316 8
335 1257 481 1314 bene
506 1255 619 1335 agi,
646 1275 859 1334 magna
884 1254 1125 1357 quaestio
1152 1261 1258 1313 est.
1341 1254 1410 1324 Q.
1447 1254 1680 1332 quidem
1707 1253 1987 1321 Scaevola,
2017 1253 2280 1331 pontifex

334 1347 633 1414 maximus,
664 1365 947 1404 summam
973 1345 1090 1404 vim
1114 1363 1239 1403 esse
1267 1344 1496 1404 dicebat
1533 1345 1592 1404 in
1629 1343 1932 1404 omnibus
1917 1343 1984 1402 iis
2009 1343 2276 1413 arbitriis,

332 1435 393 1494 in
410 1435 617 1513 quibus
644 1434 955 1494 adderetur
992 1454 1080 1492 nx
1118 1453 1191 1492 ιι
1206 1455 1246 1492 n
1259 1454 1296 1492 ιι
1336 1455 1374 1494 ιι
1387 1453 1560 1494 orut
1602 1433 1850 1512 fideique
1868 1435 2036 1493 bonae
2065 1453 2280 1493 nomen

332 1524 693 1584 existimabat
730 1542 961 1582 manare
1000 1523 1290 1592 latissime,
1318 1524 1493 1603 idque
1532 1524 1744 1584 versari
1769 1525 1827 1582 in
1851 1523 2066 1593 tutelis,
2096 1524 2278 1584 socie-

334 1613 565 1680 tatibus,
594 1612 831 1680 fiduciis,
860 1612 1160 1681 mandatis,
1188 1615 1364 1673 rebus
1403 1615 1630 1693 emptis,
1658 1613 1920 1682 venditis,
1949 1612 2273 1683 conductis,

332 1703 547 1770 locatiS,
574 1701 783 1779 quibus
809 1702 943 1762 vitae
976 1703 1215 1762 societas
1242 1704 1658 1764 contineretur:
1699 1705 1757 1763 in
1795 1705 1886 1764 his
1923 1703 2122 1783 magni
2147 1722 2278 1763 esse

328 1790 535 1870 judicis
562 1798 812 1850 statuere
841 1790 1183 1872 (praesertim
1211 1813 1346 1852 cum
1385 1795 1446 1854 in
1491 1795 1777 1873 plerisque
1815 1801 2009 1854 essent
2045 1794 2272 1873 judicia

268 1890 304 1942 9
334 1880 635 1962 contraria)
662 1882 801 1959 quid
827 1902 1113 1960 quemque
1154 1884 1358 1962 cuique
1401 1893 1678 1962 p‘raestare
1719 1891 2024 1963 oporteret.
2111 1884 2270 1953 Quo-

332 1972 479 2032 circa
524 1973 751 2032 astutiae
798 1973 1067 2032 tollendae
1114 1981 1265 2043 sunt,
1313 1993 1492 2052 eaque
1539 1975 1769 2043 malitia,
1809 1993 1944 2052 quae
1983 1975 2116 2034 vult
2173 1975 2278 2034 illa

330 2063 567 2141 quidem
591 2063 785 2133 videri,
804 2083 867 2124 se
892 2083 1017 2124 esse
1044 2064 1425 2144 prudentiam,
1449 2065 1552 2125 sed
1578 2066 1745 2125 abest
1769 2067 1848 2126 ab
1875 2086 1946 2125 ea
1971 2066 2272 2147 distatque

230 2160 304 2215 10
334 2155 659 2232 plurimum.
740 2154 1055 2215 Prudentia
1074 2160 1163 2213 est
1190 2156 1340 2214 enim
1364 2156 1552 2215 locata
1575 2157 1636 2215 in
1654 2156 1884 2215 delectu
1902 2157 2188 2217 bonorum
2205 2164 2270 2217 et

332 2245 642 2303 malorum:
684 2244 914 2312 malitia,
958 2245 1005 2302 si
1059 2245 1266 2315 omnia,
1308 2266 1442 2323 quae
1481 2247 1676 2324 turpia
1719 2254 1872 2315 sunt,
1913 2247 2068 2305 mala
2115 2255 2270 2318 sunt,

232 2338 301 2391 11
334 2334 485 2391 mala
512 2333 673 2390 bonis
701 2333 863 2411 ponit
887 2340 1037 2392 ante.
1121 2335 1246 2393 Nec
1266 2355 1402 2394 vero
1428 2336 1486 2394 in
1512 2337 1742 2415 praediis
1761 2338 1947 2395 solum
1981 2338 2079 2416 jus
2107 2339 2274 2399 civile

332 2423 573 2481 ductum
600 2440 635 2479 a
660 2428 865 2479 natura
888 2423 1161 2483 malitiam
1180 2425 1558 2503 fraudemque
1577 2426 1860 2495 vindicat3
1889 2428 1994 2485 sed
2017 2428 2193 2487 etiam
2211 2429 2276 2488 in
2319 2490 2326 2497 ,

332 2510 741 2588 mancipiorum
780 2511 1103 2571 venditione
1142 2514 1450 2575 venditoris
1503 2517 1660 2576 fmus
1707 2517 1888 2577 omnis
1927 2518 2270 2579 excluditur.

237 2607 310 2660 12
342 2600 454 2669 Qui
492 2599 641 2657 enim
682 2599 823 2659 seire
850 2600 1069 2670 debuit,
1096 2603 1171 2662 de
1198 2605 1456 2675 sanitate,
1487 2607 1560 2666 de
1601 2608 1760 2687 fuga,
1791 2608 1866 2667 de
1907 2608 2094 2677 furtis,
2122 2628 2271 2687 prae·

230 2697 302 2751 13
334 2696 449 2747 stat
466 2688 653 2749 edicto
675 2689 944 2751 aedilium.
1026 2693 1325 2754 Heredum
1351 2696 1462 2755 alia
1481 2716 1656 2757 eausa
1669 2705 1775 2757 est.
1855 2698 1948 2756 Ex
1967 2718 2086 2776 quo
2103 2700 2269 2761 intel-

332 2779 543 2859 ligitur,
570 2781 839 2857 quoniam
882 2782 1027 2860 juris
1068 2791 1276 2844 natura
1313 2786 1444 2845 fons
1483 2788 1574 2857 sit,
1603 2789 1714 2847 hoc
1743 2789 2062 2848 secundum
2101 2798 2271 2851 natu·

332 2890 455 2929 ram
480 2889 623 2940 esse,
640 2871 919 2933 nemiuem
946 2873 1006 2932 id
1032 2893 1221 2953 agere,
1252 2882 1320 2935 ut
1345 2895 1418 2935 ex
1443 2877 1678 2936 alterius
1704 2878 1999 2956 praedetur
2025 2879 2267 2941 inscitia„
2337 2872 2362 2891 ‘

230 2964 305 3019 14
334 2960 459 3019 Nec
500 2962 619 3021 ulla
661 2962 934 3041 pernicies
960 2964 1091 3023 vitae
1131 2965 1317 3044 major
1352 2967 1588 3027 inveniri
1613 2974 1823 3046 potest,
1853 2988 2028 3047 quam
2056 2970 2117 3028 in
2143 2990 2266 3030 ma-

332 3050 449 3109 litia
490 3052 774 3111 simulatio
819 3053 1241 3134 intelligentiis:
1287 3076 1359 3115 ex
1401 3077 1520 3135 quo
1562 3057 1672 3117 ista
1713 3058 2144 3119 innumerabilia
2169 3080 2270 3119 na·

334 3147 589 3209 scuntur,
616 3149 685 3200 ut
710 3143 871 3202 utilia
896 3164 1025 3205 cum
1066 3146 1320 3205 honestis
1360 3166 1618 3228 pugnare
1643 3147 1964 3209 videantur.
2046 3150 2272 3220 Quotus

340 3228 491 3287 enim
519 3230 757 3307 quisque
796 3234 1127 3311 reperietur,
1156 3237 1271 3314 qui,
1299 3237 1636 3315 impunitate
1674 3244 1736 3297 et
1772 3238 2126 3318 ignoratione
2151 3260 2272 3301 om·

332 3316 491 3377 nium
517 3320 827 3397 proposita,
856 3323 1137 3385 abstinere
1164 3328 1386 3405 possit
1369 3327 1618 3407 injuria?

414 3496 644 3559 XVIII.
686 3498 1097 3575 Periclitemur,
1127 3504 1175 3565 si
1214 3508 1425 3585 placet,
1451 3508 1511 3568 in
1535 3510 1604 3569 iis
1631 3510 1864 3589 quidem
1891 3512 2188 3591 exemplis,
2215 3512 2274 3571 in

270 3592 307 3647 2
334 3588 543 3668 quibus
568 3590 793 3693 peccari
820 3592 1029 3671 vulgus
1054 3596 1348 3657 hominum
1375 3599 1616 3659 fortasse
1642 3620 1760 3661 non
1799 3608 1984 3680 putet.
2067 3602 2274 3683 Neque

332 3676 485 3738 enim
510 3678 585 3751 de
610 3679 841 3751 sicar-iis,
868 3684 1148 3755 veneficis,
1176 3690 1632 3760 testamentariis,
1659 3691 1900 3761 furibus,
1929 3690 2271 3771 peculatori-
