2484 4175
881 320 1056 357 unna
1091 317 1179 357 111.
1264 316 1401 357 oAP.
1442 316 1574 357 xm.
1734 312 1740 319 ’
2138 302 2251 358 101

207 445 616 525 Respondebit
657 447 943 526 Diogenes
981 448 1226 506 fortasse
1267 446 1381 504 sic:
1424 444 1605 503 Aliud
1631 451 1721 503 est
1764 444 1969 514 celare,
1998 444 2155 503 aliud
2185 451 2220 503 8

207 543 408 595 tacere
431 557 446 605 ;
490 556 675 614 neque
701 556 814 615 ego
839 556 990 595 nunc
1013 543 1070 594 te
1098 537 1240 605 celo,
1271 536 1319 593 si
1344 536 1447 594 tibi
1474 554 1588 593 non
1614 535 1761 603 dieo,
1791 554 1923 613 quae
1948 542 2155 592 natura

209 626 459 685 deorum
485 626 576 694 sit,
607 626 706 703 qui
733 626 807 683 sit
845 626 970 683 finis
1013 626 1310 693 bonorum,
1340 644 1473 703 quae
1513 626 1615 691 tibi
1659 626 1789 703 plus
1818 624 2155 703 prodessent

211 716 466 795 cognita,
496 734 672 794 quam
713 716 881 773 tritici
907 716 1110 775 vilitas.
1193 715 1313 774 Sed
1340 734 1471 783 non,
1515 715 1786 792 quicquid
1812 715 1919 773 tibi
1958 714 2153 773 audire

209 806 360 863 utile
405 812 510 873 est,
551 805 610 863 id
651 806 791 864 mihi
831 805 1019 864 dicere
1059 824 1293 863 necesse
1333 812 1449 863 est:
1521 806 1707 862 Immo
1748 823 1899 873 vero,
1940 804 2155 882 inquiet
2182 809 2217 864 9

211 895 330 963 ille,
361 914 592 953 necesse
618 902 722 964 est,
753 896 803 953 si
828 895 1062 973 quidem
1088 894 1403 962 meministi,
1434 912 1560 952 esse
1585 894 1731 953 inter
1757 894 2015 953 homines
2052 912 2149 952 na-

209 992 352 1043 tura
378 986 738 1063 conjunctam
763 986 1112 1044 societatem.
1197 985 1448 1053 Memini,
1468 985 1685 1062 inquiet
1709 984 1839 1045 ille:
1884 983 1987 1044 sed
2012 1004 2153 1043 num
2183 990 2259 1044 10

209 1075 330 1133 ista
355 1076 594 1133 societas
620 1076 750 1133 talis
777 1081 882 1143 est,
913 1084 980 1133 ut
1006 1075 1145 1133 nihil
1173 1094 1341 1133 suum
1384 1075 1721 1153 cujusquam
1761 1075 1881 1133 sit?
1924 1073 2077 1151 quod
2106 1074 2155 1132 si

209 1165 298 1223 ita
325 1171 430 1233 est,
458 1184 530 1223 ne
557 1165 919 1224 vendendum
948 1164 1178 1243 quidem
1204 1166 1509 1242 quicquam
1538 1171 1643 1232 est,
1674 1162 1777 1223 sed
1803 1163 2149 1222 donandum.

209 1252 390 1313 XIII.
432 1255 614 1313 Vides
639 1256 698 1313 in
722 1256 832 1314 hac
858 1262 982 1314 tota
1019 1256 1429 1332 disceptatione
1468 1273 1583 1312 non
1620 1252 1761 1312 illud
1792 1254 1921 1322 dici,
1952 1273 2150 1331 quam-

209 1345 302 1402 vis
333 1345 444 1402 hoc
483 1350 651 1424 turpe
690 1346 782 1415 sit,
810 1352 1021 1415 tamen,
1049 1346 1317 1424 quoniam
1358 1344 1607 1423 expedit,
1648 1343 1887 1411 faciam;
1928 1343 2032 1401 sed
2070 1343 2151 1402 ita

211 1434 506 1513 expedire,
534 1443 601 1495 ut
639 1442 810 1513 turpe
858 1456 972 1494 non
1019 1436 1127 1494 sit:
1171 1454 1243 1493 ex
1280 1435 1461 1493 altera
1502 1441 1697 1493 autem
1738 1439 1919 1512 parte,
1960 1451 2029 1491 ea
2067 1450 2149 1501 re,

211 1526 355 1603 quia
379 1532 547 1603 turpe
573 1526 663 1595 sit,
691 1545 806 1583 non
831 1545 958 1584 esse
984 1525 1323 1584 faciendum.
1405 1524 1638 1582 Vendat
1674 1523 1827 1582 aedes
1854 1524 1941 1581 vir
1966 1524 2151 1583 bonus
2178 1528 2214 1584 2

216 1622 457 1693 propter
481 1616 670 1693 aliqua
707 1616 858 1684 vitia,
888 1635 1020 1693 quae
1047 1615 1170 1693 ipse
1212 1614 1378 1683 norit,
1422 1614 1594 1673 ceteri
1636 1614 1933 1693 ignorent;
1976 1614 2149 1691 pesti-

215 1704 402 1762 lentes
429 1704 555 1773 sint,
585 1712 646 1763 et
667 1704 990 1763 habeantur
1013 1706 1269 1763 salubres
1292 1724 1306 1773 ;
1348 1704 1656 1783 ignoretur,
1678 1704 1736 1763 in
1764 1705 2025 1763 omnibus
2051 1723 2149 1764 cu-

213 1794 422 1861 biculis
463 1814 740 1873 apparere
779 1802 1114 1873 serpentes3
1157 1795 1307 1854 male
1346 1795 1665 1853 materiatae
1710 1795 1841 1863 sint,
1882 1796 2145 1864 ruinosae,

213 1884 324 1941 sed
353 1883 480 1952 hoc,
517 1891 728 1963 praeter
753 1885 1062 1953 dominum,
1091 1904 1259 1943 nemo
1300 1885 1476 1943 sciat:
1520 1904 1733 1963 quaem,
1760 1885 1815 1943 si·
1834 1886 1961 1943 haec
1988 1904 2146 1963 emp·-
2175 1890 2212 1941 3

213 1974 438 2042 toribus
463 1975 720 2034 venditor
744 1994 860 2033 non
887 1976 1107 2044 dixerit,
1129 1974 1399 2053 aedesque
1416 1974 1732 2033 vendiderit
1748 1974 1927 2053 pluris
1944 1974 2147 2041 multo,

215 2083 394 2143 quam
421 2084 484 2124 se
508 2064 873 2124 venditurum
914 2065 1144 2144 putarit,
1176 2084 1315 2122 num
1358 2062 1465 2145 [id]
1506 2064 1717 2143 injuste
1744 2070 1847 2122 aut
1886 2063 2148 2142 improbe

213 2155 436 2213 fecerit.
519 2156 628 2214 Ille
667 2175 818 2223 vero,
861 2156 1043 2232 inquit
1069 2155 1393 2233 Antipater.
1477 2154 1629 2224 Quid
1668 2160 1759 2212 est
1798 2152 1947 2210 enim
1972 2152 2145 2220 aliud,
2176 2156 2215 2210 4

217 2245 430 2303 erranti
471 2245 622 2302 viam
673 2264 786 2303 non
838 2252 1172 2314 monstrare,
1215 2244 1371 2322 quod
1410 2243 1658 2303 Athenis
1704 2242 2149 2302 execrationibus

217 2334 465 2412 publicis
491 2342 753 2393 sanctum
791 2341 898 2403 est,
928 2335 976 2393 si
1014 2335 1126 2393 hoc
1164 2354 1281 2392 non
1320 2341 1425 2402 est,
1459 2341 1775 2413 emptorem
1800 2333 1921 2411 pati
1964 2351 2146 2401 ruere,

217 2431 278 2482 et
303 2443 410 2504 per
434 2444 685 2483 errorem
709 2426 767 2484 in
789 2425 1094 2483 maximam
1111 2424 1371 2483 fraudem
1396 2425 1726 2483 incurrere?
1806 2423 1949 2482 Plus
1976 2423 2147 2482 etiam
2176 2432 2212 2484 5

217 2522 326 2582 est,
357 2534 528 2591 quam
551 2516 704 2574 viam
729 2535 844 2574 non
869 2521 1199 2574 monstrare.
1282 2514 1438 2572 Nam
1476 2521 1564 2574 est
1604 2514 1871 2573 scientem
1910 2513 1969 2573 in
1994 2533 2147 2572 erro-

213 2623 344 2662 rem
387 2604 632 2663 alterum
673 2605 958 2664 inducere.
1041 2605 1330 2684 Diogenes
1380 2611 1611 2662 contra:
1654 2605 1814 2662 Num
1858 2610 1919 2662 te
1960 2623 2146 2662 emere
2174 2609 2211 2663 6

215 2695 425 2772 coegit,
453 2694 551 2772 qui
575 2715 646 2753 ne
672 2696 932 2754 hortatus
959 2695 1190 2772 quidem
1217 2695 1351 2753 est?
1395 2695 1519 2762 Ille,
1542 2693 1699 2771 quod
1717 2713 1831 2752 non
1859 2692 2142 2772 placebat,

215 2784 582 2862 proscripsit:
627 2791 708 2852 tu,
738 2784 893 2862 quod
921 2785 1204 2863 placebat,
1235 2784 1435 2842 emisti.
1519 2783 1739 2852 Quodsi
1764 2783 1862 2861 qui
1900 2783 2144 2859 proscri-
2176 2783 2209 2840 '1
2311 2819 2315 2826 ·

219 2874 368 2933 bunt
392 2893 666 2932 vunnu
704 2866 958 2933 Boium
997 2893 1337 2938 sunnam:
1382 2890 1880 2939 Amnonrnu,
1908 2890 2023 2929 non
2050 2891 2145 2930 ex-

215 2963 542 3022 istimantur
565 2965 849 3033 fefellisse,
891 2965 1114 3024 etiamsi
1145 2963 1242 3022 ina
1278 2983 1385 3022 nec
1424 2965 1575 3022 bona
1603 2969 1707 3030 est,
1735 2981 1841 3019 nec
1872 2960 2149 3020 aedificata

215 3054 440 3112 ratione
461 3073 476 3122 ;
516 3055 698 3113 multo
723 3055 925 3122 minus,
948 3055 1049 3132 qui
1069 3054 1306 3113 domum
1324 3073 1439 3112 non
1463 3053 1788 3112 laudarunt.
1843 3051 1968 3110 Ubi
1994 3052 2149 3110 enim

211 3143 500 3222 judicium
527 3145 800 3222 emptoris
825 3151 932 3212 est,
969 3144 1046 3202 ibi
1071 3144 1226 3202 fraus
1254 3142 1561 3202 venditoris
1601 3161 1734 3221 quae
1758 3149 1951 3220 potest
1976 3162 2101 3202 esse
2119 3144 2147 3201 ‘3

218 3234 326 3292 Sin
351 3241 547 3292 autem
575 3235 792 3293 dictum
828 3253 944 3294 non
981 3253 1148 3292 omne
1177 3233 1571 3312 praestandum
1596 3240 1703 3303 est,
1734 3233 1889 3311 quod
1932 3233 2151 3292 dictum
2178 3239 2215 3292 8

215 3343 336 3382 non
362 3331 470 3392 est,
495 3323 556 3382 id
583 3325 972 3402 praestandum
989 3324 1205 3402 putas?
1264 3323 1417 3392 Quid
1438 3342 1573 3382 vero
1592 3331 1681 3381 est
1706 3323 1952 3390 stultius,
1976 3343 2149 3401 quam

217 3413 574 3471 venditorem
599 3415 726 3491 ejus
751 3414 850 3482 rei,
881 3433 1054 3491 quam
1079 3413 1309 3482 vendat,
1338 3412 1473 3470 vitia
1509 3431 1741 3472 narrare
1760 3414 1788 3472 ‘2
1872 3413 2021 3482 Quid
2050 3431 2149 3470 au-

216 3510 342 3562 tem
366 3509 488 3560 tam
513 3502 846 3573 absurdum,
866 3522 1038 3580 quam
1056 3503 1104 3561 si
1129 3503 1343 3561 domini
1364 3503 1533 3580 jussu
1550 3503 1631 3561 ita
1647 3522 1837 3581 praeco
1857 3501 2147 3580 praedicet,

215 3611 485 3651 nontin
526 3611 1038 3651 rnsrrnnnrnu
1076 3593 1366 3652 vanno?
1436 3592 1533 3651 Sic
1560 3611 1697 3671 ergo
1722 3593 1781 3652 in
1806 3589 2147 3668 quibusdam
2176 3596 2213 3649 9
2320 3611 2325 3615 ·

215 3682 408 3744 causis
433 3681 626 3744 dubiis
669 3701 746 3742 ex
783 3682 964 3743 altera
1001 3689 1167 3762 parte
1205 3681 1531 3760 defenditur
1552 3682 1840 3748 honestas,
1868 3697 1941 3738 ex
1964 3677 2149 3740 altem
