2484 4175
286 325 403 382 100
1110 331 1474 375 nst-ornem

286 473 359 529 12
388 465 859 526 cedaemoniorum
877 483 1017 543 opes
1036 482 1268 522 necesse
1295 467 1462 520 esset.
1545 459 1720 530 Quod
1739 457 2028 518 Aristides
2053 477 2191 517 cum
2219 475 2308 515 au·

387 557 579 623 disset,
628 555 686 613 in
740 555 1067 614 concionem
1118 572 1332 632 magna
1383 550 1778 629 expectatione
1817 549 1991 617 venit,
2039 548 2312 626 dixitque,

388 645 628 724 perutile
658 663 782 704 csse
824 643 1132 710 consilium,
1172 641 1330 720 quod
1356 640 1764 700 Themistocles
1805 637 2190 706 afferret-sed
2217 638 2310 696 mi-

268 787 279 800 .
386 736 537 794 nime
562 735 884 796 honestum.
967 734 1173 809 Itaque
1213 731 1615 798 Athenienses,
1658 729 1813 807 quod
1853 729 2164 787 honestum
2206 748 2315 786 non

386 831 555 892 esset,
570 824 629 882 id
647 843 721 882 ne
734 825 873 882 utile
890 822 1123 901 quidem
1136 827 1508 898 putaverunt:
1539 827 1832 897 totamque
1849 837 1978 876 eam
1987 837 2130 886 rem,
2146 837 2315 895 quam

286 920 359 974 13
389 933 461 971 ne
490 914 786 972 audierant
806 913 1053 991 quidem,
1073 917 1305 970 auctore
1321 909 1575 968 Aristide
1595 909 2056 988 repudiaverunt.
2114 907 2317 964 Melius

386 1003 463 1072 hi,
481 1021 656 1082 quam
674 1023 795 1073 nos,
814 1003 911 1082 qui
930 1003 1147 1082 piratas
1162 1001 1460 1069 immunes,
1483 998 1668 1058 socios
1692 998 2004 1077 vectigales
2019 998 2315 1057 habemus.

466 1183 604 1242 XII.
647 1183 876 1242 Maneat
896 1200 1053 1261 erg0,
1082 1179 1239 1259 quod
1265 1186 1436 1256 turpe
1464 1178 1554 1248 sit,
1583 1177 1642 1237 id
1671 1197 1962 1256 nunquam
1988 1196 2116 1236 esse
2143 1177 2318 1245 utile;

388 1291 463 1331 ne
488 1280 617 1331 tum
656 1272 905 1350 quidem,
935 1291 1066 1330 cum
1106 1270 1183 1338 id,
1213 1268 1370 1347 quod
1410 1287 1536 1326 esse
1579 1268 1718 1327 utile
1766 1274 1956 1346 putes,
1985 1267 2318 1344 adipiscare.

389 1363 518 1420 Hoc
546 1361 695 1420 enim
712 1362 903 1440 ipsum
922 1361 1061 1419 utile
1082 1367 1305 1438 putare,
1328 1359 1486 1437 quod
1503 1364 1674 1436 turpe
1691 1358 1783 1427 sit,
1802 1356 2199 1417 calamitosum
2215 1363 2318 1416 est.

324 1457 359 1510 2
390 1451 505 1510 Sed
532 1450 802 1518 incidunt,
831 1457 899 1508 ut
926 1469 1101 1528 supra
1126 1449 1260 1518 dixi,
1289 1468 1446 1526 saepe
1473 1467 1679 1517 causae,
1708 1467 1841 1506 cum
1860 1465 2185 1526 repugnare
2211 1448 2318 1506 uti-

387 1540 519 1598 litas
544 1539 827 1597 honestati
854 1539 1132 1607 videatur,
1160 1546 1229 1598 ut
1255 1537 1818 1597 animadvertendum
1843 1537 1933 1606 sit,
1961 1545 2320 1616 repugnetne

324 1635 359 1686 8
389 1629 574 1706 plane,
604 1646 677 1685 an
705 1628 888 1706 possit
914 1647 1047 1686 cum
1085 1629 1386 1686 honestate
1431 1628 1716 1707 conjungi.
1797 1627 1942 1706 Ejus
1979 1627 2203 1705 generis
2231 1627 2322 1685 hae

388 1723 535 1776 sunt
562 1718 941 1794 quaestiones:
985 1717 1065 1787 Si,
1104 1718 1352 1796 exempli
1390 1719 1590 1796 gratia,
1619 1718 1708 1777 vir
1731 1717 1916 1776 bonus
1954 1717 2322 1775 Alexandrea

388 1806 661 1864 Rhodum
696 1826 970 1886 magnum
1006 1807 1277 1866 frumenti
1314 1827 1616 1866 numerum
1655 1807 1953 1866 advexerit
1977 1807 2036 1866 in
2064 1807 2320 1866 Rhodio-

388 1916 517 1955 rum
558 1896 747 1975 inopia
792 1904 852 1956 et
893 1898 1043 1956 fame
1087 1917 1420 1975 summaque
1469 1916 1705 1956 annonae
1753 1897 2024 1966 caritate;
2071 1897 2121 1955 si
2167 1897 2324 1956 idem

390 1986 549 2056 sciat,
580 1988 903 2066 complures
944 1994 1288 2046 mercatores
1330 1986 1697 2045 Alexandrea
1737 1987 1988 2056 solvisse,
2029 2005 2323 2065 navesque

388 2077 446 2136 in
474 2097 663 2147 cursu,
692 2078 979 2137 frumento
1004 2083 1254 2145 onustae,
1274 2082 1536 2156 petentes
1561 2076 1834 2135 Rhodum
1861 2077 2094 2136 viderit.
2139 2077 2323 2137 dictu-

390 2187 561 2226 rusne
590 2168 662 2227 sit
689 2169 749 2226 id
778 2169 1037 2236 Rhodiis,
1068 2188 1141 2226 an
1182 2167 1401 2226 silentio
1448 2186 1618 2225 suum
1643 2185 1816 2245 quam
1856 2168 2098 2255 plurimo
2127 2168 2323 2228 vendi-

324 2262 361 2315 4
388 2264 591 2317 turus.
570 2260 597 2301 ‘⁷
680 2258 1013 2336 Sapientem
1042 2266 1102 2317 et
1128 2260 1344 2317 bonum
1369 2257 1555 2316 virum
1579 2258 1882 2335 fingimus:
1926 2257 2000 2315 de
2027 2258 2156 2336 ejus
2181 2257 2322 2316 deli-

390 2348 679 2407 beratione
706 2354 767 2404 et
809 2348 1217 2406 consultatione
1245 2348 1568 2425 quaerimus,
1598 2347 1698 2425 qui
1737 2347 2022 2406 celaturus
2062 2347 2322 2407 Rhodios

391 2454 507 2493 non
534 2437 622 2503 sit,
654 2436 703 2493 si
726 2436 786 2494 id
829 2442 1001 2515 turpe
1034 2438 1272 2515 judicet,
1315 2437 1417 2495 sed
1459 2438 1699 2506 dubitet,
1741 2456 1816 2495 an
1855 2445 2024 2516 turpe
2068 2456 2188 2495 non
2233 2439 2320 2497 sit.

326 2533 362 2585 5
390 2525 463 2581 In
505 2524 837 2602 hujusmodi
874 2526 1058 2584 causis
1101 2527 1258 2586 aliud
1299 2527 1544 2607 Diogeni
1582 2527 1899 2605 Babylonio
1937 2527 2113 2586 videri
2157 2529 2321 2598 solet,

388 2632 601 2692 magno
628 2621 687 2672 et
712 2614 876 2693 gravi
900 2615 1124 2674 Stoico:
1168 2616 1328 2675 aliud
1364 2617 1689 2695 Antipatro,
1718 2617 1996 2696 discipulo
2035 2616 2179 2695 ejus,
2219 2618 2322 2676 ho-

392 2703 528 2761 mini
553 2703 898 2764 acutissimo.
981 2705 1309 2784 Antipatro,
1339 2707 1526 2765 omnia
1552 2707 1960 2786 patefacienda,
1987 2712 2056 2765 ut
2079 2726 2156 2765 ne
2183 2707 2322 2785 quid

392 2793 637 2863 omnin0,
666 2793 823 2872 quod
849 2794 1112 2853 venditor
1136 2796 1302 2865 norit,
1331 2803 1557 2875 emptor
1593 2796 1851 2875 ignoret;
1895 2797 2157 2874 Diogeni,
2185 2816 2321 2855 ven-

390 2883 649 2954 ditorem,
692 2891 973 2963 quatenus
1023 2884 1153 2963 jure
1207 2885 1354 2944 civili
1407 2886 1778 2945 constitutum
1817 2886 1907 2956 sit,
1952 2886 2143 2945 dicere
2186 2887 2324 2945 vitia

392 2983 669 3054 oportere,
701 2982 890 3034 cetera
918 2975 1035 3034 sine
1062 2974 1273 3034 insidiis
1299 2994 1470 3054 agere
1494 2996 1508 3045 ;
1549 2983 1610 3033 ct
1629 2976 1896 3053 quoniam
1921 2970 2152 3046 vendat,
2174 2978 2322 3035 velle

324 3069 363 3121 ,6
392 3084 565 3141 quam
604 3065 818 3143 optime
845 3066 1106 3125 vendere.
1186 3065 1432 3133 Advexi‚
1462 3065 1715 3145 exposui,
1744 3065 1932 3125 vendo
1970 3084 2168 3124 meum
2208 3086 2320 3125 non

392 3154 587 3299 pluris3
617 3173 789 3231 quam
832 3155 1021 3224 ceteri,
1062 3156 1304 3213 fortasse
1346 3155 1519 3259 etiam
1555 3155 1802 3224 minori&
1845 3175 1979 3213 cum
2019 3156 2208 3233 major
2234 3163 2324 3215 est

372 3287 583 3401 Quid
572 3331 693 3389 ais.
671 3332 701 3373 ⁶>
780 3294 884 3400 Tu,
914 3352 1047 3391 cum
1072 3334 1396 3393 hominibus
1437 3334 1729 3393 consulere
1771 3334 1997 3404 debeas
2027 3340 2088 3393 et
2111 3336 2323 3394 servire

390 3421 657 3479 humanae
682 3420 955 3491 societati,
984 3440 1165 3500 eaque
1202 3424 1334 3502 lege
1372 3431 1542 3482 natus
1583 3444 1676 3497 sm,
1707 3430 1767 3482 et
1804 3443 1874 3483 ea
1913 3426 2129 3483 habeas
2168 3426 2322 3503 prin-

394 3510 541 3589 cipia
564 3517 803 3579 naturae,
831 3511 1037 3588 quibus
1064 3530 1279 3589 parere,
1311 3520 1369 3571 et
1395 3532 1528 3592 quae
1567 3514 1728 3592 sequi
1755 3514 1982 3583 debeas
2011 3521 2082 3573 ut
2105 3516 2323 3573 utilitas

394 3609 495 3659 tua
520 3600 831 3668 communis
860 3600 933 3658 sit
959 3601 1191 3669 utilitas,
1219 3602 1581 3682 vicissimque
1621 3605 1935 3663 communis
1961 3604 2180 3663 utilitas
2221 3612 2326 3663 tua

337 3738 341 3746 .
394 3689 503 3756 sit;
545 3690 753 3748 celabis
780 3689 1053 3757 homines
1082 3690 1219 3765 quid
1245 3691 1313 3748 iis
1351 3692 1503 3751 adsit
1529 3692 1950 3753 commoditatis
1988 3702 2050 3754 et
2089 3694 2322 3774 copim?
