2484 4175
308 304 423 360 116
1136 315 1213 356 na
1242 313 1496 356 orrrons

403 445 703 524 exposuit:
746 445 1083 504 sententiam
1120 465 1191 504 ne
1226 444 1465 526 diceret,
1487 442 1807 512 recusavit3
1849 461 2026 520 quam
2067 441 2173 502 diu
2209 441 2336 521 jura

338 543 374 596 8
398 535 645 616 jurando
672 535 921 593 hostium
956 542 1260 605 teneretur,
1289 554 1403 593 non
1443 553 1566 592 esse
1607 553 1670 592 se
1709 541 2048 591 senatorem.
2069 546 2082 556 ⁵
2135 533 2338 613 Atque

404 627 545 686 illud
572 625 741 684 etiam
772 623 833 705 (o
860 626 1100 684 stultum
1125 626 1429 693 hominem,
1459 624 1663 683 dixerit
1689 624 1987 701 quispiam,
2018 629 2080 680 et
2119 642 2341 700 repug-

401 723 631 776 nantem
647 716 875 775 utilitati
894 737 1013 776 suae
1040 715 1077 796 !)
1118 716 1284 774 reddi
1303 714 1573 794 captivos,
1597 714 1827 794 negavit
1845 732 1970 772 esse
1990 714 2170 772 utile:
2211 715 2340 772 illos

402 809 551 867 enim
592 807 985 864 adolescentes
1026 825 1150 864 esse
1190 814 1250 864 et
1288 807 1468 865 bonos
1513 805 1708 873 duces,
1737 823 1800 863 se
1837 805 1960 883 jam
1985 805 2340 863 —c‘oufectum

336 905 375 958 4
404 902 713 956 senectute.
797 896 982 974 Cujus
1022 916 1153 954 cum
1194 895 1464 954 valuisset
1505 895 1829 963 auctoritaS,
1875 895 2087 972 captivi
2124 895 2342 952 retenti

402 994 552 1056 sunt,
596 988 717 1065 ipse
764 986 1183 1065 Karthaginem
1227 985 1436 1043 rediit:
1476 1004 1660 1062 neque
1701 1003 1833 1043 eum
1877 985 2086 1043 caritas
2131 984 2341 1062 patriae

339 1085 373 1138 δ
402 1077 647 1148 retinuit,
677 1095 781 1135 nec
807 1095 1056 1135 suorum.
1141 1075 1347 1153 Neque
1365 1094 1500 1134 vero
1521 1082 1645 1133 tum
1666 1075 1982 1153 ignorabat,
2012 1093 2077 1133 se
2103 1074 2184 1132 ad
2212 1093 2340 1132 cru-

404 1168 753 1226 delissimum
778 1169 1003 1225 hostem
1030 1173 1091 1224 et
1129 1166 1203 1224 ad
1232 1166 1512 1244 exquisita
1549 1165 1829 1244 supplicia
1869 1165 2188 1243 proficisci:
2235 1165 2343 1222 sed

340 1265 375 1318 6
399 1259 495 1338 jus
518 1258 841 1337 jurandum‘
854 1257 1306 1315 conservandum
1345 1257 1602 1333 putabat.
1686 1256 1890 1333 Itaque
1917 1262 2062 1324 tum,
2093 1274 2232 1312 cum
2263 1255 2342 1312 vi-

404 1348 633 1428 gilando
659 1349 985 1415 necabatur,
1015 1361 1139 1404 erat
1158 1348 1215 1405 in
1242 1346 1471 1405 meliore
1493 1365 1681 1414 causa,
1707 1365 1880 1424 quam
1905 1345 1953 1403 si
1981 1345 2136 1403 domi
2165 1363 2346 1403 senex

341 1440 374 1499 '7
404 1439 679 1516 captiVuS,
708 1437 971 1514 perjurus
1000 1437 1306 1496 consularis
1333 1437 1708 1496 remansisset.
1778 1435 1865 1492 At
1885 1435 2077 1504 stulte,
2099 1436 2201 1512 qui
2226 1455 2346 1493 non

404 1528 577 1586 modo
604 1546 717 1584 non
744 1526 1024 1585 censuerit
1048 1527 1306 1603 captivos
1346 1526 1738 1594 remittendOS,
1768 1545 1967 1583 verum
2008 1526 2184 1583 etiam
2225 1525 2343 1583 dis-

342 1625 377 1678 8
404 1617 656 1676 suaserit.
743 1616 1043 1685 Quomodo
1083 1617 1260 1674 stulte
1282 1617 1310 1674 ⁶?
1351 1617 1596 1674 etiamne
1637 1616 1685 1674 si
1723 1616 1807 1673 rei
1847 1613 2092 1693 publicae
2121 1616 2346 1674 condu-

404 1706 573 1765 cebat
589 1706 617 1764 ‘2
656 1706 857 1763 Potest
872 1712 1083 1774 autem,
1104 1706 1262 1783 quod
1283 1707 1477 1764 inutile
1503 1705 1846 1784 reipublicae
1873 1705 1962 1773 sit,
1983 1704 2042 1762 id
2073 1705 2348 1782 cuiquam

404 1796 513 1855 civi
537 1795 674 1854 utile
702 1815 827 1854 esse
848 1797 877 1854 ἱ)
958 1795 1240 1855 XXVIII.
1285 1797 1628 1855 Pervertunt
1654 1795 1910 1854 homines
1931 1813 2020 1864 ea,
2044 1813 2177 1872 quae
2205 1803 2350 1854 sunt

403 1887 773 1946 fundamenta
806 1894 1047 1956 naturae,
1078 1905 1209 1944 cum
1234 1887 1538 1944 utilitatem
1566 1887 1642 1945 ab
1668 1887 1966 1944 honestate
2007 1886 2350 1964 sejungunt.

408 1979 637 2037 Omnes·
662 1977 814 2036 enim
840 1977 1159 2056 expetimus
1198 1977 1519 2046 utilitatem,
1549 1975 1624 2035 ad
1653 1995 1893 2054 eamque
1930 1976 2207 2054 rapimur,
2237 1994 2350 2034 nec

344 2075 379 2129 2
407 2068 595 2129 facere
623 2069 786 2128 aliter
811 2068 929 2127 ullo
956 2068 1129 2127 modo
1156 2086 1479 2146 possumus.
1563 2066 1718 2125 Nam
1747 2066 1872 2144 quis
1913 2072 2020 2135 est,
2050 2065 2148 2144 qui
2177 2066 2355 2125 utilia

407 2160 640 2239 fugiat?
682 2166 783 2219 aut
812 2160 939 2237 quis
968 2160 1174 2239 potiUS,
1207 2158 1307 2236 qui
1341 2176 1412 2215 ea
1435 2176 1552 2216 non
1592 2156 2000 2215 studiosissime
2030 2175 2353 2235 persequa-

343 2256 381 2309 3
408 2250 552 2308 tur?
635 2248 753 2307 Sed
782 2250 915 2326 quia
952 2267 1235 2326 nusquam
1276 2266 1598 2325 possumuS,
1639 2246 1746 2305 nisi
1787 2246 1848 2304 in
1887 2246 2076 2316 laude,
2108 2246 2352 2316 decore,

408 2339 709 2397 honestate
740 2338 900 2395 utilia
925 2339 1189 2415 reperire,
1220 2343 1529 2415 propterea
1555 2337 1652 2396 illa
1678 2336 1861 2414 prima
1899 2343 1960 2395 et
1986 2355 2219 2402 summa
2244 2338 2354 2419 ha-

409 2429 651 2495 bemus;
692 2426 949 2484 utilitatis
987 2446 1191 2485 nomen
1229 2445 1346 2484 non
1383 2433 1506 2485 tam
1547 2426 1910 2505 splendidum
1935 2446 2110 2504 quam
2149 2446 2354 2485 neces-

312 2552 317 2557 ·
412 2516 625 2575 sarium
654 2515 932 2574 ducimus.

345 2610 384 2665 4
492 2605 643 2673 Quid
690 2612 779 2663 est
823 2606 1014 2684 igitur,
1044 2605 1246 2665 dixerit
1289 2606 1433 2683 quiS,
1477 2605 1535 2664 in
1573 2605 1733 2683 jure
1784 2604 2140 2684 jurando?
2187 2606 2358 2666 Num

409 2694 617 2754 iratum
634 2695 899 2753 timemus
915 2696 953 2755 J
955 2697 1157 2754 ovem?
1200 2697 1286 2754 At
1303 2697 1414 2753 hoc
1432 2696 1662 2797 quidem
1679 2715 1974 2754 commune
1992 2703 2080 2754 est
2095 2697 2360 2757 omnium

410 2786 897 2865 philosophorum,
943 2805 1057 2844 non
1097 2804 1300 2844 eorum
1345 2784 1536 2853 mod0,
1586 2786 1683 2862 qui
1731 2786 1906 2843 deum
1939 2782 2087 2843 'nihil
2132 2787 2359 2845 habere

410 2876 601 2955 ipsum
640 2876 853 2955 negotii
878 2876 1092 2944 dicunt,
1119 2876 1258 2934 nihil
1285 2875 1552 2934 exhibere
1579 2875 1758 2943 alteri,
1789 2875 1892 2933 sed
1933 2893 2134 2933 eorum
2159 2876 2356 2943 etiam,

414 2967 512 3045 qui
551 2967 726 3026 deum
766 2986 993 3047 semper
1039 2984 1211 3045 agere
1252 2965 1466 3043 aliquid
1505 2972 1565 3022 et
1604 2965 1790 3023 moliri
1815 2964 2029 3034 volunt,
2058 2986 2355 3044 nunquam
2457 3022 2459 3033 ,

348 3064 384 3117 5
412 3076 519 3115 nec
538 3057 700 3116 irasci
718 3057 911 3126 deum,
934 3076 1039 3115 nec
1058 3074 1281 3116 nocere.
1345 3054 1497 3123 Quid
1519 3060 1711 3113 autem
1730 3056 1908 3113 iratus
1928 3056 1966 3115 J
1969 3055 2202 3133 uppiter
2224 3056 2360 3134 plus

413 3164 617 3205 nocere
640 3148 935 3225 potuisset,
954 3166 1127 3226 quam
1144 3143 1340 3204 nocuit
1359 3144 1464 3203 sibi
1483 3143 1604 3221 ipse
1627 3144 1888 3223 Regulus
1909 3147 1938 3203 ἱ)
1980 3146 2162 3203 Nulla
2179 3146 2356 3225 igitur

351 3240 387 3293 6
416 3234 500 3293 vis
538 3234 648 3293 fuit
690 3237 989 3315 religioniS‚
1020 3256 1149 3314 quae
1188 3242 1412 3293 tantam
1458 3234 1764 3292 utilitatem
1804 3242 2172 3312 perverteret.
2257 3236 2357 3293 An

416 3342 489 3380 ne
516 3324 758 3401 turpiter
782 3327 1041 3384 faceret?
1110 3326 1387 3393 Primum,
1405 3322 1636 3382 minima
1656 3322 1729 3381 de
1749 3324 1928 3383 malis
1997 3325 2159 3383 Num
2178 3324 2360 3403 igitur

419 3418 642 3471 tantum
667 3414 803 3471 mali
829 3415 1125 3492 turpitudo
1151 3416 1262 3474 ista
1287 3415 1556 3483 habebat,
1585 3421 1863 3491 quantum
1890 3415 1984 3474 ille
2011 3416 2308 3476 cruciatus
2325 3417 2357 3476 ἲ

356 3500 393 3563 7
422 3500 645 3562 Deinde
671 3503 814 3562 illud
840 3504 1011 3562 etiam
1038 3505 1195 3583 apud
1224 3506 1472 3573 Attium,

595 3631 615 3647 -.
1273 3593 1575 3669 Reqistin’
1593 3594 1774 3671 fidem
1791 3593 1823 3653 ,2

630 3683 831 3762 Neque
854 3684 999 3755 dedi,
1026 3704 1200 3761 nequo
1224 3685 1298 3743 do
1323 3685 1543 3761 infideli
1576 3686 1861 3761 cuiquam,
