<?xml version="1.0" encoding="UTF-8"?>
<!DOCTYPE html PUBLIC "-//W3C//DTD XHTML 1.0 Transitional//EN"
    "http://www.w3.org/TR/xhtml1/DTD/xhtml1-transitional.dtd">
<html xmlns="http://www.w3.org/1999/xhtml" xml:lang="en" lang="en">
 <head>
  <title>
</title>
<meta http-equiv="Content-Type" content="text/html;charset=utf-8" />
  <meta name='ocr-system' content='tesseract 3.04.00' />
  <meta name='ocr-capabilities' content='ocr_page ocr_carea ocr_par ocr_line ocrx_word'/>
</head>
<body>
  <div class='ocr_page' id='page_1' title='image "./mtulliciceronis00unkngoog_0124.png"; bbox 0 0 2484 4175; ppageno 0'>
   <div class='ocr_carea' id='block_1_1' title="bbox 255 324 1461 399">
    <p class='ocr_par' dir='ltr' id='par_1_1' title="bbox 255 324 1461 399">
     <span class='ocr_line' id='line_1_1' title="bbox 255 324 1461 399; baseline -0.003 -20"><span class='ocrx_word' id='word_1_1' title='bbox 255 324 370 379; x_wconf 84' lang='lat'><strong>108</strong></span> <span class='ocrx_word' id='word_1_2' title='bbox 990 386 1000 399; x_wconf 25' lang='grc' dir='ltr'>ἱ</span> <span class='ocrx_word' id='word_1_3' title='bbox 1083 338 1160 377; x_wconf 76' lang='lat' dir='ltr'><strong>nn</strong></span> <span class='ocrx_word' id='word_1_4' title='bbox 1201 336 1461 377; x_wconf 77' lang='lat' dir='ltr'><strong>omens</strong></span> 
     </span>
    </p>
   </div>
   <div class='ocr_carea' id='block_1_2' title="bbox 250 464 2295 3400">
    <p class='ocr_par' dir='ltr' id='par_1_2' title="bbox 291 464 2291 814">
     <span class='ocr_line' id='line_1_2' title="bbox 291 464 2291 545; baseline -0.001 -20"><span class='ocrx_word' id='word_1_5' title='bbox 291 472 330 525; x_wconf 80' lang='lat'>4</span> <span class='ocrx_word' id='word_1_6' title='bbox 359 466 456 545; x_wconf 90' lang='lat' dir='ltr'><strong>qui</strong></span> <span class='ocrx_word' id='word_1_7' title='bbox 481 466 810 534; x_wconf 73' lang='lat' dir='ltr'><strong>admiratur,</strong></span> <span class='ocrx_word' id='word_1_8' title='bbox 839 466 888 525; x_wconf 87' lang='lat' dir='ltr'><strong>is</strong></span> <span class='ocrx_word' id='word_1_9' title='bbox 913 486 993 536; x_wconf 91' lang='lat' dir='ltr'><strong>se,</strong></span> <span class='ocrx_word' id='word_1_10' title='bbox 1021 466 1162 545; x_wconf 88' lang='lat' dir='ltr'><strong>quid</strong></span> <span class='ocrx_word' id='word_1_11' title='bbox 1187 466 1262 525; x_wconf 88' lang='lat' dir='ltr'><strong>sit</strong></span> <span class='ocrx_word' id='word_1_12' title='bbox 1287 465 1375 523; x_wconf 84' lang='lat' dir='ltr'><strong>vir</strong></span> <span class='ocrx_word' id='word_1_13' title='bbox 1399 466 1599 534; x_wconf 86' lang='lat' dir='ltr'><strong>bonus,</strong></span> <span class='ocrx_word' id='word_1_14' title='bbox 1628 464 1843 523; x_wconf 86' lang='lat' dir='ltr'><strong>nescire</strong></span> <span class='ocrx_word' id='word_1_15' title='bbox 1866 464 2134 525; x_wconf 79' lang='lat' dir='ltr'><strong>fateatur.</strong></span> <span class='ocrx_word' id='word_1_16' title='bbox 2204 464 2291 525; x_wconf 72' lang='lat' dir='ltr'><strong>At</strong></span> 
     </span>
     <span class='ocr_line' id='line_1_3' title="bbox 355 553 2291 633; baseline 0 -18"><span class='ocrx_word' id='word_1_17' title='bbox 355 574 494 615; x_wconf 84' lang='lat' dir='ltr'><strong>vero</strong></span> <span class='ocrx_word' id='word_1_18' title='bbox 531 556 580 615; x_wconf 89' lang='lat' dir='ltr'><strong>si</strong></span> <span class='ocrx_word' id='word_1_19' title='bbox 605 556 732 633; x_wconf 88' lang='lat' dir='ltr'><strong>quis</strong></span> <span class='ocrx_word' id='word_1_20' title='bbox 757 556 998 615; x_wconf 80' lang='lat' dir='ltr'><strong>voluerit</strong></span> <span class='ocrx_word' id='word_1_21' title='bbox 1035 557 1206 615; x_wconf 88' lang='lat' dir='ltr'><strong>animi</strong></span> <span class='ocrx_word' id='word_1_22' title='bbox 1243 556 1333 614; x_wconf 84' lang='lat' dir='ltr'><strong>sui</strong></span> <span class='ocrx_word' id='word_1_23' title='bbox 1370 555 1769 633; x_wconf 76' lang='lat' dir='ltr'><strong>complicatam</strong></span> <span class='ocrx_word' id='word_1_24' title='bbox 1806 555 2095 614; x_wconf 85' lang='lat' dir='ltr'><strong>notionem</strong></span> <span class='ocrx_word' id='word_1_25' title='bbox 2134 553 2291 615; x_wconf 77' lang='lat' dir='ltr'><strong>evol·</strong></span> 
     </span>
     <span class='ocr_line' id='line_1_4' title="bbox 355 645 2288 724; baseline 0 -19"><span class='ocrx_word' id='word_1_26' title='bbox 355 664 504 714; x_wconf 78' lang='lat' dir='ltr'><strong>vere,</strong></span> <span class='ocrx_word' id='word_1_27' title='bbox 528 646 650 724; x_wconf 88' lang='lat' dir='ltr'><strong>jam</strong></span> <span class='ocrx_word' id='word_1_28' title='bbox 691 665 753 704; x_wconf 88' lang='lat' dir='ltr'><strong>se</strong></span> <span class='ocrx_word' id='word_1_29' title='bbox 791 647 916 724; x_wconf 86' lang='lat' dir='ltr'><strong>ipse</strong></span> <span class='ocrx_word' id='word_1_30' title='bbox 941 645 1163 714; x_wconf 84' lang='lat' dir='ltr'><strong>doceat,</strong></span> <span class='ocrx_word' id='word_1_31' title='bbox 1193 666 1326 707; x_wconf 86' lang='lat' dir='ltr'><strong>eum</strong></span> <span class='ocrx_word' id='word_1_32' title='bbox 1366 646 1552 704; x_wconf 81' lang='lat' dir='ltr'><strong>virum</strong></span> <span class='ocrx_word' id='word_1_33' title='bbox 1591 646 1805 705; x_wconf 88' lang='lat' dir='ltr'><strong>bonum</strong></span> <span class='ocrx_word' id='word_1_34' title='bbox 1844 664 1989 713; x_wconf 85' lang='lat' dir='ltr'><strong>esse,</strong></span> <span class='ocrx_word' id='word_1_35' title='bbox 2018 645 2118 723; x_wconf 86' lang='lat' dir='ltr'><strong>qui</strong></span> <span class='ocrx_word' id='word_1_36' title='bbox 2158 666 2288 724; x_wconf 84' lang='lat' dir='ltr'><strong>pro-</strong></span> 
     </span>
     <span class='ocr_line' id='line_1_5' title="bbox 355 735 2290 814; baseline 0.002 -21"><span class='ocrx_word' id='word_1_37' title='bbox 355 735 445 803; x_wconf 85' lang='lat' dir='ltr'><strong>sit,</strong></span> <span class='ocrx_word' id='word_1_38' title='bbox 494 736 700 813; x_wconf 89' lang='lat' dir='ltr'><strong>quibus</strong></span> <span class='ocrx_word' id='word_1_39' title='bbox 745 736 961 813; x_wconf 80' lang='lat' dir='ltr'><strong>possit3</strong></span> <span class='ocrx_word' id='word_1_40' title='bbox 1021 743 1226 794; x_wconf 86' lang='lat' dir='ltr'><strong>noceat</strong></span> <span class='ocrx_word' id='word_1_41' title='bbox 1279 735 1505 803; x_wconf 87' lang='lat' dir='ltr'><strong>nemini,</strong></span> <span class='ocrx_word' id='word_1_42' title='bbox 1554 735 1659 793; x_wconf 87' lang='lat' dir='ltr'><strong>nisi</strong></span> <span class='ocrx_word' id='word_1_43' title='bbox 1711 736 2009 793; x_wconf 87' lang='lat' dir='ltr'><strong>lacessitus</strong></span> <span class='ocrx_word' id='word_1_44' title='bbox 2064 735 2290 814; x_wconf 83' lang='lat' dir='ltr'><strong>injuria.</strong></span> 
     </span>
    </p>

    <p class='ocr_par' dir='ltr' id='par_1_3' title="bbox 289 824 2291 992">
     <span class='ocr_line' id='line_1_6' title="bbox 289 824 2291 903; baseline -0.001 -18"><span class='ocrx_word' id='word_1_45' title='bbox 289 834 326 886; x_wconf 79' lang='lat'>5</span> <span class='ocrx_word' id='word_1_46' title='bbox 357 825 508 896; x_wconf 81' lang='lat' dir='ltr'><strong>Quid</strong></span> <span class='ocrx_word' id='word_1_47' title='bbox 537 844 719 903; x_wconf 84' lang='lat' dir='ltr'><strong>ergo.</strong></span> <span class='ocrx_word' id='word_1_48' title='bbox 699 826 726 867; x_wconf 71' lang='lat' dir='ltr'><strong>‘P</strong></span> <span class='ocrx_word' id='word_1_49' title='bbox 767 826 858 883; x_wconf 88' lang='lat' dir='ltr'><strong>hic</strong></span> <span class='ocrx_word' id='word_1_50' title='bbox 891 844 1006 883; x_wconf 86' lang='lat' dir='ltr'><strong>non</strong></span> <span class='ocrx_word' id='word_1_51' title='bbox 1039 832 1261 894; x_wconf 85' lang='lat' dir='ltr'><strong>noceat,</strong></span> <span class='ocrx_word' id='word_1_52' title='bbox 1289 826 1387 903; x_wconf 88' lang='lat' dir='ltr'><strong>qui</strong></span> <span class='ocrx_word' id='word_1_53' title='bbox 1414 824 1665 903; x_wconf 88' lang='lat' dir='ltr'><strong>quodam</strong></span> <span class='ocrx_word' id='word_1_54' title='bbox 1690 824 1853 902; x_wconf 89' lang='lat' dir='ltr'><strong>quasi</strong></span> <span class='ocrx_word' id='word_1_55' title='bbox 1879 843 2095 883; x_wconf 84' lang='lat' dir='ltr'><strong>veneno</strong></span> <span class='ocrx_word' id='word_1_56' title='bbox 2123 826 2291 903; x_wconf 85' lang='lat' dir='ltr'><strong>perfi-</strong></span> 
     </span>
     <span class='ocr_line' id='line_1_7' title="bbox 355 913 2289 992; baseline -0.001 -18"><span class='ocrx_word' id='word_1_57' title='bbox 355 916 483 984; x_wconf 87' lang='lat' dir='ltr'><strong>ciat,</strong></span> <span class='ocrx_word' id='word_1_58' title='bbox 506 922 576 975; x_wconf 83' lang='lat' dir='ltr'><strong>ut</strong></span> <span class='ocrx_word' id='word_1_59' title='bbox 593 934 758 974; x_wconf 82' lang='lat' dir='ltr'><strong>veros</strong></span> <span class='ocrx_word' id='word_1_60' title='bbox 785 915 1028 973; x_wconf 86' lang='lat' dir='ltr'><strong>heredes</strong></span> <span class='ocrx_word' id='word_1_61' title='bbox 1053 916 1334 983; x_wconf 84' lang='lat' dir='ltr'><strong>moveat,</strong></span> <span class='ocrx_word' id='word_1_62' title='bbox 1317 934 1376 973; x_wconf 90' lang='lat' dir='ltr'><strong>m</strong></span> <span class='ocrx_word' id='word_1_63' title='bbox 1401 934 1597 973; x_wconf 86' lang='lat' dir='ltr'><strong>eorum</strong></span> <span class='ocrx_word' id='word_1_64' title='bbox 1622 913 1852 973; x_wconf 89' lang='lat' dir='ltr'><strong>locum</strong></span> <span class='ocrx_word' id='word_1_65' title='bbox 1836 933 1959 992; x_wconf 74' lang='lat' dir='ltr'><strong>ipse</strong></span> <span class='ocrx_word' id='word_1_66' title='bbox 1980 914 2289 973; x_wconf 78' lang='lat' dir='ltr'><strong>succedat?</strong></span> 
     </span>
    </p>

    <p class='ocr_par' dir='ltr' id='par_1_4' title="bbox 289 1003 2292 1263">
     <span class='ocr_line' id='line_1_8' title="bbox 289 1003 2289 1085; baseline -0.002 -20"><span class='ocrx_word' id='word_1_67' title='bbox 289 1012 326 1065; x_wconf 81' lang='lat'><strong>6</strong></span> <span class='ocrx_word' id='word_1_68' title='bbox 353 1005 490 1065; x_wconf 84' lang='lat' dir='ltr'><strong>Non</strong></span> <span class='ocrx_word' id='word_1_69' title='bbox 512 1005 686 1085; x_wconf 84' lang='lat' dir='ltr'><strong>igitur</strong></span> <span class='ocrx_word' id='word_1_70' title='bbox 709 1006 898 1074; x_wconf 86' lang='lat' dir='ltr'><strong>faciat,</strong></span> <span class='ocrx_word' id='word_1_71' title='bbox 921 1004 1126 1065; x_wconf 80' lang='lat' dir='ltr'><strong>dixerit</strong></span> <span class='ocrx_word' id='word_1_72' title='bbox 1149 1005 1294 1082; x_wconf 63' lang='lat' dir='ltr'><strong>quis»,</strong></span> <span class='ocrx_word' id='word_1_73' title='bbox 1322 1004 1480 1082; x_wconf 87' lang='lat' dir='ltr'><strong>quod</strong></span> <span class='ocrx_word' id='word_1_74' title='bbox 1504 1005 1645 1063; x_wconf 89' lang='lat' dir='ltr'><strong>utile</strong></span> <span class='ocrx_word' id='word_1_75' title='bbox 1670 1004 1761 1072; x_wconf 87' lang='lat' dir='ltr'><strong>sit,</strong></span> <span class='ocrx_word' id='word_1_76' title='bbox 1792 1003 1948 1082; x_wconf 86' lang='lat' dir='ltr'><strong>quod</strong></span> <span class='ocrx_word' id='word_1_77' title='bbox 1976 1004 2247 1082; x_wconf 81' lang='lat' dir='ltr'><strong>expediat</strong></span> <span class='ocrx_word' id='word_1_78' title='bbox 2262 1006 2289 1062; x_wconf 71' lang='lat'><strong>‘2</strong></span> 
     </span>
     <span class='ocr_line' id='line_1_9' title="bbox 355 1094 2286 1173; baseline -0.001 -20"><span class='ocrx_word' id='word_1_79' title='bbox 355 1096 542 1153; x_wconf 91' lang='lat' dir='ltr'><strong>Immo</strong></span> <span class='ocrx_word' id='word_1_80' title='bbox 581 1095 876 1173; x_wconf 81' lang='lat' dir='ltr'><strong>intelligat,</strong></span> <span class='ocrx_word' id='word_1_81' title='bbox 903 1094 1043 1153; x_wconf 89' lang='lat' dir='ltr'><strong>nihil</strong></span> <span class='ocrx_word' id='word_1_82' title='bbox 1067 1113 1174 1153; x_wconf 86' lang='lat' dir='ltr'><strong>nec</strong></span> <span class='ocrx_word' id='word_1_83' title='bbox 1201 1095 1489 1171; x_wconf 86' lang='lat' dir='ltr'><strong>expedire,</strong></span> <span class='ocrx_word' id='word_1_84' title='bbox 1516 1114 1623 1153; x_wconf 84' lang='lat' dir='ltr'><strong>nec</strong></span> <span class='ocrx_word' id='word_1_85' title='bbox 1662 1094 1801 1153; x_wconf 87' lang='lat' dir='ltr'><strong>utile</strong></span> <span class='ocrx_word' id='word_1_86' title='bbox 1842 1112 1985 1161; x_wconf 87' lang='lat' dir='ltr'><strong>esse,</strong></span> <span class='ocrx_word' id='word_1_87' title='bbox 2012 1094 2173 1171; x_wconf 88' lang='lat' dir='ltr'><strong>quod</strong></span> <span class='ocrx_word' id='word_1_88' title='bbox 2214 1094 2286 1152; x_wconf 78' lang='lat' dir='ltr'><strong>sit</strong></span> 
     </span>
     <span class='ocr_line' id='line_1_10' title="bbox 353 1183 2292 1263; baseline -0.001 -20"><span class='ocrx_word' id='word_1_89' title='bbox 353 1184 647 1263; x_wconf 87' lang='lat' dir='ltr'><strong>injustum.</strong></span> <span class='ocrx_word' id='word_1_90' title='bbox 730 1186 860 1244; x_wconf 91' lang='lat' dir='ltr'><strong>Hoc</strong></span> <span class='ocrx_word' id='word_1_91' title='bbox 899 1184 998 1263; x_wconf 87' lang='lat' dir='ltr'><strong>qui</strong></span> <span class='ocrx_word' id='word_1_92' title='bbox 1041 1204 1156 1243; x_wconf 88' lang='lat' dir='ltr'><strong>non</strong></span> <span class='ocrx_word' id='word_1_93' title='bbox 1193 1184 1471 1252; x_wconf 80' lang='lat' dir='ltr'><strong>didicerit,</strong></span> <span class='ocrx_word' id='word_1_94' title='bbox 1522 1185 1707 1243; x_wconf 87' lang='lat' dir='ltr'><strong>bonus</strong></span> <span class='ocrx_word' id='word_1_95' title='bbox 1746 1183 1833 1241; x_wconf 89' lang='lat' dir='ltr'><strong>vir</strong></span> <span class='ocrx_word' id='word_1_96' title='bbox 1868 1202 1993 1241; x_wconf 69' lang='lat' dir='ltr'><strong>esse</strong></span> <span class='ocrx_word' id='word_1_97' title='bbox 2033 1202 2151 1241; x_wconf 91' lang='lat' dir='ltr'><strong>non</strong></span> <span class='ocrx_word' id='word_1_98' title='bbox 2190 1202 2292 1262; x_wconf 87' lang='lat' dir='ltr'><strong>po-</strong></span> 
     </span>
    </p>

    <p class='ocr_par' dir='ltr' id='par_1_5' title="bbox 291 1272 2292 1889">
     <span class='ocr_line' id='line_1_11' title="bbox 291 1272 2291 1351; baseline -0.001 -18"><span class='ocrx_word' id='word_1_99' title='bbox 291 1272 325 1333; x_wconf 84' lang='lat'><strong>&#39;1</strong></span> <span class='ocrx_word' id='word_1_100' title='bbox 353 1275 503 1335; x_wconf 75' lang='lat' dir='ltr'><strong>terit.</strong></span> <span class='ocrx_word' id='word_1_101' title='bbox 584 1275 894 1333; x_wconf 86' lang='lat' dir='ltr'><strong>Fimbriam</strong></span> <span class='ocrx_word' id='word_1_102' title='bbox 919 1275 1273 1333; x_wconf 80' lang='lat' dir='ltr'><strong>consularem</strong></span> <span class='ocrx_word' id='word_1_103' title='bbox 1300 1272 1605 1333; x_wconf 86' lang='lat' dir='ltr'><strong>audiebam</strong></span> <span class='ocrx_word' id='word_1_104' title='bbox 1628 1273 1703 1331; x_wconf 88' lang='lat' dir='ltr'><strong>de</strong></span> <span class='ocrx_word' id='word_1_105' title='bbox 1730 1280 1893 1351; x_wconf 87' lang='lat' dir='ltr'><strong>patre</strong></span> <span class='ocrx_word' id='word_1_106' title='bbox 1917 1279 2115 1331; x_wconf 86' lang='lat' dir='ltr'><strong>nostro</strong></span> <span class='ocrx_word' id='word_1_107' title='bbox 2142 1292 2291 1351; x_wconf 89' lang='lat' dir='ltr'><strong>puer</strong></span> 
     </span>
     <span class='ocr_line' id='line_1_12' title="bbox 347 1362 2285 1443; baseline -0.001 -21"><span class='ocrx_word' id='word_1_108' title='bbox 347 1364 604 1443; x_wconf 87' lang='lat' dir='ltr'><strong>judicem</strong></span> <span class='ocrx_word' id='word_1_109' title='bbox 643 1364 722 1422; x_wconf 85' lang='lat' dir='ltr'><strong>M.</strong></span> <span class='ocrx_word' id='word_1_110' title='bbox 753 1364 984 1422; x_wconf 86' lang='lat' dir='ltr'><strong>Lutatio</strong></span> <span class='ocrx_word' id='word_1_111' title='bbox 1018 1364 1267 1422; x_wconf 75' lang='lat' dir='ltr'><strong>Pinthiae</strong></span> <span class='ocrx_word' id='word_1_112' title='bbox 1294 1364 1485 1431; x_wconf 80' lang='lat' dir='ltr'><strong>fuisse,</strong></span> <span class='ocrx_word' id='word_1_113' title='bbox 1514 1362 1691 1441; x_wconf 86' lang='lat' dir='ltr'><strong>equiti</strong></span> <span class='ocrx_word' id='word_1_114' title='bbox 1730 1364 1991 1421; x_wconf 85' lang='lat' dir='ltr'><strong>Romano</strong></span> <span class='ocrx_word' id='word_1_115' title='bbox 2016 1382 2155 1421; x_wconf 90' lang='lat' dir='ltr'><strong>sane</strong></span> <span class='ocrx_word' id='word_1_116' title='bbox 2182 1364 2285 1421; x_wconf 89' lang='lat' dir='ltr'><strong>ho-</strong></span> 
     </span>
     <span class='ocr_line' id='line_1_13' title="bbox 353 1452 2281 1532; baseline -0.001 -20"><span class='ocrx_word' id='word_1_117' title='bbox 353 1460 536 1522; x_wconf 83' lang='lat' dir='ltr'><strong>nesto,</strong></span> <span class='ocrx_word' id='word_1_118' title='bbox 567 1472 702 1512; x_wconf 87' lang='lat' dir='ltr'><strong>cum</strong></span> <span class='ocrx_word' id='word_1_119' title='bbox 725 1454 774 1511; x_wconf 89' lang='lat' dir='ltr'><strong>is</strong></span> <span class='ocrx_word' id='word_1_120' title='bbox 801 1453 1162 1532; x_wconf 82' lang='lat' dir='ltr'><strong>sponsionem</strong></span> <span class='ocrx_word' id='word_1_121' title='bbox 1186 1452 1431 1521; x_wconf 80' lang='lat' dir='ltr'><strong>fecisset,</strong></span> <span class='ocrx_word' id='word_1_122' title='bbox 1474 1472 1551 1511; x_wconf 73' lang='grc' dir='ltr'><strong>ιιι</strong></span> <span class='ocrx_word' id='word_1_123' title='bbox 1588 1472 1713 1511; x_wconf 75' lang='lat' dir='ltr'><strong>vm</strong></span> <span class='ocrx_word' id='word_1_124' title='bbox 1751 1470 1986 1511; x_wconf 68' lang='lat' dir='ltr'><strong>nonus</strong></span> <span class='ocrx_word' id='word_1_125' title='bbox 2026 1470 2281 1521; x_wconf 62' lang='lat' dir='ltr'><strong>ussum</strong></span> 
     </span>
     <span class='ocr_line' id='line_1_14' title="bbox 351 1541 2287 1621; baseline -0.001 -20"><span class='ocrx_word' id='word_1_126' title='bbox 351 1543 544 1621; x_wconf 82' lang='lat' dir='ltr'><strong>itaque</strong></span> <span class='ocrx_word' id='word_1_127' title='bbox 571 1543 624 1601; x_wconf 89' lang='lat' dir='ltr'><strong>ei</strong></span> <span class='ocrx_word' id='word_1_128' title='bbox 649 1542 856 1601; x_wconf 81' lang='lat' dir='ltr'><strong>dixisse</strong></span> <span class='ocrx_word' id='word_1_129' title='bbox 881 1542 1206 1611; x_wconf 86' lang='lat' dir='ltr'><strong>Fimbriam,</strong></span> <span class='ocrx_word' id='word_1_130' title='bbox 1235 1561 1300 1599; x_wconf 91' lang='lat' dir='ltr'><strong>se</strong></span> <span class='ocrx_word' id='word_1_131' title='bbox 1335 1542 1492 1601; x_wconf 91' lang='lat' dir='ltr'><strong>illam</strong></span> <span class='ocrx_word' id='word_1_132' title='bbox 1529 1548 1652 1600; x_wconf 84' lang='lat' dir='ltr'><strong>rem</strong></span> <span class='ocrx_word' id='word_1_133' title='bbox 1684 1560 1976 1619; x_wconf 76' lang='lat' dir='ltr'><strong>nunquam</strong></span> <span class='ocrx_word' id='word_1_134' title='bbox 1997 1541 2287 1620; x_wconf 86' lang='lat' dir='ltr'><strong>judicatu-</strong></span> 
     </span>
     <span class='ocr_line' id='line_1_15' title="bbox 351 1631 2291 1710; baseline -0.001 -19"><span class='ocrx_word' id='word_1_135' title='bbox 351 1650 518 1699; x_wconf 85' lang='lat' dir='ltr'><strong>rum;</strong></span> <span class='ocrx_word' id='word_1_136' title='bbox 558 1650 632 1689; x_wconf 86' lang='lat' dir='ltr'><strong>ne</strong></span> <span class='ocrx_word' id='word_1_137' title='bbox 669 1637 773 1689; x_wconf 86' lang='lat' dir='ltr'><strong>aut</strong></span> <span class='ocrx_word' id='word_1_138' title='bbox 815 1631 1084 1709; x_wconf 86' lang='lat' dir='ltr'><strong>spoliaret</strong></span> <span class='ocrx_word' id='word_1_139' title='bbox 1121 1631 1279 1690; x_wconf 82' lang='lat' dir='ltr'><strong>fama</strong></span> <span class='ocrx_word' id='word_1_140' title='bbox 1319 1632 1628 1710; x_wconf 85' lang='lat' dir='ltr'><strong>probatum</strong></span> <span class='ocrx_word' id='word_1_141' title='bbox 1666 1632 1973 1700; x_wconf 88' lang='lat' dir='ltr'><strong>hominem,</strong></span> <span class='ocrx_word' id='word_1_142' title='bbox 2002 1632 2051 1690; x_wconf 90' lang='lat' dir='ltr'><strong>si</strong></span> <span class='ocrx_word' id='word_1_143' title='bbox 2088 1639 2291 1690; x_wconf 88' lang='lat' dir='ltr'><strong>contra</strong></span> 
     </span>
     <span class='ocr_line' id='line_1_16' title="bbox 347 1720 2292 1801; baseline 0 -22"><span class='ocrx_word' id='word_1_144' title='bbox 347 1720 758 1801; x_wconf 81' lang='lat' dir='ltr'><strong>judicavisset3</strong></span> <span class='ocrx_word' id='word_1_145' title='bbox 799 1727 904 1779; x_wconf 86' lang='lat' dir='ltr'><strong>aut</strong></span> <span class='ocrx_word' id='word_1_146' title='bbox 941 1721 1206 1779; x_wconf 76' lang='lat' dir='ltr'><strong>statuisse</strong></span> <span class='ocrx_word' id='word_1_147' title='bbox 1231 1721 1539 1789; x_wconf 83' lang='lat' dir='ltr'><strong>videretur,</strong></span> <span class='ocrx_word' id='word_1_148' title='bbox 1568 1722 1754 1779; x_wconf 80' lang='lat' dir='ltr'><strong>virum</strong></span> <span class='ocrx_word' id='word_1_149' title='bbox 1788 1721 2003 1779; x_wconf 86' lang='lat' dir='ltr'><strong>bonum</strong></span> <span class='ocrx_word' id='word_1_150' title='bbox 2040 1738 2167 1779; x_wconf 85' lang='lat' dir='ltr'><strong>esse</strong></span> <span class='ocrx_word' id='word_1_151' title='bbox 2190 1721 2292 1779; x_wconf 87' lang='lat' dir='ltr'><strong>ali-</strong></span> 
     </span>
     <span class='ocr_line' id='line_1_17' title="bbox 353 1809 2289 1889; baseline 0 -20"><span class='ocrx_word' id='word_1_152' title='bbox 353 1829 541 1889; x_wconf 85' lang='lat' dir='ltr'><strong>quem,</strong></span> <span class='ocrx_word' id='word_1_153' title='bbox 571 1830 704 1869; x_wconf 88' lang='lat' dir='ltr'><strong>cum</strong></span> <span class='ocrx_word' id='word_1_154' title='bbox 743 1829 814 1867; x_wconf 89' lang='lat' dir='ltr'><strong>ea</strong></span> <span class='ocrx_word' id='word_1_155' title='bbox 851 1830 942 1869; x_wconf 86' lang='lat' dir='ltr'><strong>res</strong></span> <span class='ocrx_word' id='word_1_156' title='bbox 980 1809 1481 1869; x_wconf 87' lang='lat' dir='ltr'><strong>innumerabilibus</strong></span> <span class='ocrx_word' id='word_1_157' title='bbox 1508 1810 1701 1869; x_wconf 85' lang='lat' dir='ltr'><strong>officiis</strong></span> <span class='ocrx_word' id='word_1_158' title='bbox 1728 1816 1787 1869; x_wconf 85' lang='lat' dir='ltr'><strong>et</strong></span> <span class='ocrx_word' id='word_1_159' title='bbox 1812 1809 2081 1869; x_wconf 84' lang='lat' dir='ltr'><strong>laudibus</strong></span> <span class='ocrx_word' id='word_1_160' title='bbox 2108 1812 2289 1869; x_wconf 88' lang='lat' dir='ltr'><strong>conti-</strong></span> 
     </span>
    </p>

    <p class='ocr_par' dir='ltr' id='par_1_6' title="bbox 289 1896 2293 2068">
     <span class='ocr_line' id='line_1_18' title="bbox 289 1896 2289 1981; baseline -0.001 -21"><span class='ocrx_word' id='word_1_161' title='bbox 289 1907 326 1961; x_wconf 85' lang='lat'>8</span> <span class='ocrx_word' id='word_1_162' title='bbox 353 1907 598 1959; x_wconf 86' lang='lat' dir='ltr'><strong>neretur.</strong></span> <span class='ocrx_word' id='word_1_163' title='bbox 682 1900 834 1959; x_wconf 87' lang='lat' dir='ltr'><strong>Huic</strong></span> <span class='ocrx_word' id='word_1_164' title='bbox 878 1900 1054 1981; x_wconf 86' lang='lat' dir='ltr'><strong>igitur</strong></span> <span class='ocrx_word' id='word_1_165' title='bbox 1090 1900 1210 1959; x_wconf 84' lang='lat' dir='ltr'><strong>viro</strong></span> <span class='ocrx_word' id='word_1_166' title='bbox 1250 1901 1417 1969; x_wconf 88' lang='lat' dir='ltr'><strong>bono,</strong></span> <span class='ocrx_word' id='word_1_167' title='bbox 1446 1920 1619 1978; x_wconf 85' lang='lat' dir='ltr'><strong>quem</strong></span> <span class='ocrx_word' id='word_1_168' title='bbox 1658 1900 1909 1959; x_wconf 87' lang='lat' dir='ltr'><strong>Fimbria</strong></span> <span class='ocrx_word' id='word_1_169' title='bbox 1946 1896 2140 1969; x_wconf 80' lang='lat' dir='ltr'><strong>etiam,</strong></span> <span class='ocrx_word' id='word_1_170' title='bbox 2168 1918 2289 1959; x_wconf 87' lang='lat' dir='ltr'><strong>non</strong></span> 
     </span>
     <span class='ocr_line' id='line_1_19' title="bbox 351 1990 2293 2068; baseline -0.001 -18"><span class='ocrx_word' id='word_1_171' title='bbox 351 1991 528 2051; x_wconf 90' lang='lat' dir='ltr'><strong>modo</strong></span> <span class='ocrx_word' id='word_1_172' title='bbox 555 1990 821 2049; x_wconf 82' lang='lat' dir='ltr'><strong>Socrates</strong></span> <span class='ocrx_word' id='word_1_173' title='bbox 856 1996 1110 2060; x_wconf 84' lang='lat' dir='ltr'><strong>noverat,</strong></span> <span class='ocrx_word' id='word_1_174' title='bbox 1137 1990 1297 2049; x_wconf 88' lang='lat' dir='ltr'><strong>nullo</strong></span> <span class='ocrx_word' id='word_1_175' title='bbox 1336 1991 1511 2049; x_wconf 89' lang='lat' dir='ltr'><strong>modo</strong></span> <span class='ocrx_word' id='word_1_176' title='bbox 1538 1990 1718 2049; x_wconf 83' lang='lat' dir='ltr'><strong>videri</strong></span> <span class='ocrx_word' id='word_1_177' title='bbox 1759 1996 1951 2068; x_wconf 86' lang='lat' dir='ltr'><strong>potest</strong></span> <span class='ocrx_word' id='word_1_178' title='bbox 1978 1990 2293 2068; x_wconf 89' lang='lat' dir='ltr'><strong>quicquam</strong></span> 
     </span>
    </p>

    <p class='ocr_par' dir='ltr' id='par_1_7' title="bbox 287 2079 2294 2251">
     <span class='ocr_line' id='line_1_20' title="bbox 287 2079 2293 2159; baseline -0.002 -16"><span class='ocrx_word' id='word_1_179' title='bbox 287 2089 325 2143; x_wconf 78' lang='lat'>9</span> <span class='ocrx_word' id='word_1_180' title='bbox 355 2101 480 2142; x_wconf 84' lang='lat' dir='ltr'><strong>esse</strong></span> <span class='ocrx_word' id='word_1_181' title='bbox 506 2082 662 2151; x_wconf 88' lang='lat' dir='ltr'><strong>utile,</strong></span> <span class='ocrx_word' id='word_1_182' title='bbox 679 2081 836 2159; x_wconf 86' lang='lat' dir='ltr'><strong>quod</strong></span> <span class='ocrx_word' id='word_1_183' title='bbox 861 2102 977 2141; x_wconf 86' lang='lat' dir='ltr'><strong>non</strong></span> <span class='ocrx_word' id='word_1_184' title='bbox 1002 2082 1308 2142; x_wconf 85' lang='lat' dir='ltr'><strong>honestum</strong></span> <span class='ocrx_word' id='word_1_185' title='bbox 1335 2081 1424 2139; x_wconf 90' lang='lat' dir='ltr'><strong>sit.</strong></span> <span class='ocrx_word' id='word_1_186' title='bbox 1488 2081 1693 2157; x_wconf 86' lang='lat' dir='ltr'><strong>Itaque</strong></span> <span class='ocrx_word' id='word_1_187' title='bbox 1718 2080 1849 2139; x_wconf 86' lang='lat' dir='ltr'><strong>talis</strong></span> <span class='ocrx_word' id='word_1_188' title='bbox 1868 2079 1953 2139; x_wconf 88' lang='lat' dir='ltr'><strong>vir</strong></span> <span class='ocrx_word' id='word_1_189' title='bbox 1977 2099 2091 2140; x_wconf 92' lang='lat' dir='ltr'><strong>non</strong></span> <span class='ocrx_word' id='word_1_190' title='bbox 2116 2079 2293 2139; x_wconf 90' lang='lat' dir='ltr'><strong>modo</strong></span> 
     </span>
     <span class='ocr_line' id='line_1_21' title="bbox 351 2170 2294 2251; baseline -0.002 -19"><span class='ocrx_word' id='word_1_191' title='bbox 351 2172 558 2242; x_wconf 84' lang='lat' dir='ltr'><strong>facere,</strong></span> <span class='ocrx_word' id='word_1_192' title='bbox 589 2172 693 2232; x_wconf 85' lang='lat' dir='ltr'><strong>sed</strong></span> <span class='ocrx_word' id='word_1_193' title='bbox 720 2192 794 2231; x_wconf 89' lang='lat' dir='ltr'><strong>ne</strong></span> <span class='ocrx_word' id='word_1_194' title='bbox 821 2172 1075 2251; x_wconf 84' lang='lat' dir='ltr'><strong>cogitare</strong></span> <span class='ocrx_word' id='word_1_195' title='bbox 1101 2171 1335 2249; x_wconf 89' lang='lat' dir='ltr'><strong>quidem</strong></span> <span class='ocrx_word' id='word_1_196' title='bbox 1360 2171 1665 2248; x_wconf 83' lang='lat' dir='ltr'><strong>quicquam</strong></span> <span class='ocrx_word' id='word_1_197' title='bbox 1700 2170 1953 2238; x_wconf 87' lang='lat' dir='ltr'><strong>audebit,</strong></span> <span class='ocrx_word' id='word_1_198' title='bbox 1981 2170 2140 2247; x_wconf 90' lang='lat' dir='ltr'><strong>quod</strong></span> <span class='ocrx_word' id='word_1_199' title='bbox 2176 2189 2294 2228; x_wconf 87' lang='lat' dir='ltr'><strong>non</strong></span> 
     </span>
    </p>

    <p class='ocr_par' dir='ltr' id='par_1_8' title="bbox 250 2259 2293 2610">
     <span class='ocr_line' id='line_1_22' title="bbox 250 2259 2290 2340; baseline -0.003 -16"><span class='ocrx_word' id='word_1_200' title='bbox 250 2268 326 2324; x_wconf 89' lang='lat'><strong>10</strong></span> <span class='ocrx_word' id='word_1_201' title='bbox 353 2261 566 2322; x_wconf 86' lang='lat' dir='ltr'><strong>audeat</strong></span> <span class='ocrx_word' id='word_1_202' title='bbox 592 2262 926 2340; x_wconf 77' lang='lat' dir='ltr'><strong>praedicare.</strong></span> <span class='ocrx_word' id='word_1_203' title='bbox 995 2261 1146 2320; x_wconf 86' lang='lat' dir='ltr'><strong>Haec</strong></span> <span class='ocrx_word' id='word_1_204' title='bbox 1165 2280 1281 2319; x_wconf 88' lang='lat' dir='ltr'><strong>non</strong></span> <span class='ocrx_word' id='word_1_205' title='bbox 1304 2268 1477 2340; x_wconf 85' lang='lat' dir='ltr'><strong>turpe</strong></span> <span class='ocrx_word' id='word_1_206' title='bbox 1504 2267 1594 2319; x_wconf 87' lang='lat' dir='ltr'><strong>est</strong></span> <span class='ocrx_word' id='word_1_207' title='bbox 1612 2260 1875 2319; x_wconf 88' lang='lat' dir='ltr'><strong>dubitare</strong></span> <span class='ocrx_word' id='word_1_208' title='bbox 1901 2259 2290 2338; x_wconf 83' lang='lat' dir='ltr'><strong>philosophos,</strong></span> 
     </span>
     <span class='ocr_line' id='line_1_23' title="bbox 353 2351 2291 2430; baseline -0.002 -18"><span class='ocrx_word' id='word_1_209' title='bbox 353 2372 488 2430; x_wconf 81' lang='lat' dir='ltr'><strong>quae</strong></span> <span class='ocrx_word' id='word_1_210' title='bbox 535 2371 610 2410; x_wconf 86' lang='lat' dir='ltr'><strong>ne</strong></span> <span class='ocrx_word' id='word_1_211' title='bbox 647 2352 844 2410; x_wconf 83' lang='lat' dir='ltr'><strong>rustici</strong></span> <span class='ocrx_word' id='word_1_212' title='bbox 883 2351 1114 2428; x_wconf 88' lang='lat' dir='ltr'><strong>quidem</strong></span> <span class='ocrx_word' id='word_1_213' title='bbox 1159 2352 1473 2412; x_wconf 78' lang='lat' dir='ltr'><strong>dubitent?</strong></span> <span class='ocrx_word' id='word_1_214' title='bbox 1520 2370 1557 2408; x_wconf 90' lang='lat' dir='ltr'><strong>a</strong></span> <span class='ocrx_word' id='word_1_215' title='bbox 1595 2351 1803 2429; x_wconf 88' lang='lat' dir='ltr'><strong>quibus</strong></span> <span class='ocrx_word' id='word_1_216' title='bbox 1840 2358 2042 2410; x_wconf 87' lang='lat' dir='ltr'><strong>natum</strong></span> <span class='ocrx_word' id='word_1_217' title='bbox 2082 2358 2173 2410; x_wconf 86' lang='lat' dir='ltr'><strong>est</strong></span> <span class='ocrx_word' id='word_1_218' title='bbox 2208 2351 2291 2419; x_wconf 91' lang='lat' dir='ltr'><strong>id,</strong></span> 
     </span>
     <span class='ocr_line' id='line_1_24' title="bbox 353 2440 2293 2520; baseline -0.001 -20"><span class='ocrx_word' id='word_1_219' title='bbox 353 2442 510 2519; x_wconf 87' lang='lat' dir='ltr'><strong>quod</strong></span> <span class='ocrx_word' id='word_1_220' title='bbox 551 2441 675 2520; x_wconf 86' lang='lat' dir='ltr'><strong>jam</strong></span> <span class='ocrx_word' id='word_1_221' title='bbox 717 2441 1026 2500; x_wconf 86' lang='lat' dir='ltr'><strong>contritum</strong></span> <span class='ocrx_word' id='word_1_222' title='bbox 1062 2447 1150 2498; x_wconf 88' lang='lat' dir='ltr'><strong>est</strong></span> <span class='ocrx_word' id='word_1_223' title='bbox 1191 2447 1479 2500; x_wconf 83' lang='lat' dir='ltr'><strong>vetustate</strong></span> <span class='ocrx_word' id='word_1_224' title='bbox 1518 2441 1918 2520; x_wconf 80' lang='lat' dir='ltr'><strong>proverbium:</strong></span> <span class='ocrx_word' id='word_1_225' title='bbox 1968 2459 2101 2498; x_wconf 89' lang='lat' dir='ltr'><strong>cum</strong></span> <span class='ocrx_word' id='word_1_226' title='bbox 2140 2440 2293 2498; x_wconf 87' lang='lat' dir='ltr'><strong>enim</strong></span> 
     </span>
     <span class='ocr_line' id='line_1_25' title="bbox 354 2520 2290 2610; baseline 0 -22"><span class='ocrx_word' id='word_1_227' title='bbox 354 2531 530 2590; x_wconf 85' lang='lat' dir='ltr'><strong>fidem</strong></span> <span class='ocrx_word' id='word_1_228' title='bbox 567 2529 809 2608; x_wconf 88' lang='lat' dir='ltr'><strong>alicujus</strong></span> <span class='ocrx_word' id='word_1_229' title='bbox 850 2529 1276 2609; x_wconf 86' lang='lat' dir='ltr'><strong>bonitatemque</strong></span> <span class='ocrx_word' id='word_1_230' title='bbox 1315 2531 1571 2601; x_wconf 84' lang='lat' dir='ltr'><strong>laudant,</strong></span> <span class='ocrx_word' id='word_1_231' title='bbox 1614 2531 1853 2610; x_wconf 83' lang='lat' dir='ltr'><strong>dignum</strong></span> <span class='ocrx_word' id='word_1_232' title='bbox 1900 2520 2060 2588; x_wconf 52' lang='lat' dir='ltr'><strong>esse*</strong></span> <span class='ocrx_word' id='word_1_233' title='bbox 2073 2530 2290 2599; x_wconf 87' lang='lat' dir='ltr'><strong>dicunt,</strong></span> 
     </span>
    </p>

    <p class='ocr_par' dir='ltr' id='par_1_9' title="bbox 253 2619 2291 2788">
     <span class='ocr_line' id='line_1_26' title="bbox 253 2619 2288 2699; baseline -0.001 -19"><span class='ocrx_word' id='word_1_234' title='bbox 253 2625 324 2682; x_wconf 93' lang='lat'><strong>11</strong></span> <span class='ocrx_word' id='word_1_235' title='bbox 356 2619 590 2698; x_wconf 88' lang='lat' dir='ltr'><strong>quicum</strong></span> <span class='ocrx_word' id='word_1_236' title='bbox 614 2619 674 2678; x_wconf 90' lang='lat' dir='ltr'><strong>in</strong></span> <span class='ocrx_word' id='word_1_237' title='bbox 698 2619 948 2678; x_wconf 86' lang='lat' dir='ltr'><strong>tenebris</strong></span> <span class='ocrx_word' id='word_1_238' title='bbox 973 2620 1164 2679; x_wconf 89' lang='lat' dir='ltr'><strong>mices.</strong></span> <span class='ocrx_word' id='word_1_239' title='bbox 1249 2621 1377 2680; x_wconf 90' lang='lat' dir='ltr'><strong>Hoc</strong></span> <span class='ocrx_word' id='word_1_240' title='bbox 1404 2640 1577 2699; x_wconf 84' lang='lat' dir='ltr'><strong>quam</strong></span> <span class='ocrx_word' id='word_1_241' title='bbox 1604 2621 1783 2680; x_wconf 88' lang='lat' dir='ltr'><strong>habet</strong></span> <span class='ocrx_word' id='word_1_242' title='bbox 1808 2619 1941 2687; x_wconf 86' lang='lat' dir='ltr'><strong>vim,</strong></span> <span class='ocrx_word' id='word_1_243' title='bbox 1970 2619 2077 2678; x_wconf 89' lang='lat' dir='ltr'><strong>nisi</strong></span> <span class='ocrx_word' id='word_1_244' title='bbox 2112 2619 2288 2688; x_wconf 85' lang='lat' dir='ltr'><strong>illam,</strong></span> 
     </span>
     <span class='ocr_line' id='line_1_27' title="bbox 353 2707 2291 2788; baseline -0.001 -20"><span class='ocrx_word' id='word_1_245' title='bbox 353 2709 494 2768; x_wconf 91' lang='lat' dir='ltr'><strong>nihil</strong></span> <span class='ocrx_word' id='word_1_246' title='bbox 531 2709 818 2788; x_wconf 85' lang='lat' dir='ltr'><strong>expedire,</strong></span> <span class='ocrx_word' id='word_1_247' title='bbox 847 2711 1003 2788; x_wconf 89' lang='lat' dir='ltr'><strong>quod</strong></span> <span class='ocrx_word' id='word_1_248' title='bbox 1043 2729 1159 2770; x_wconf 91' lang='lat' dir='ltr'><strong>non</strong></span> <span class='ocrx_word' id='word_1_249' title='bbox 1197 2710 1419 2780; x_wconf 82' lang='lat' dir='ltr'><strong>deceat,</strong></span> <span class='ocrx_word' id='word_1_250' title='bbox 1447 2709 1669 2770; x_wconf 86' lang='lat' dir='ltr'><strong>etiamsi</strong></span> <span class='ocrx_word' id='word_1_251' title='bbox 1705 2710 1765 2768; x_wconf 90' lang='lat' dir='ltr'><strong>id</strong></span> <span class='ocrx_word' id='word_1_252' title='bbox 1806 2709 1988 2788; x_wconf 84' lang='lat' dir='ltr'><strong>possis</strong></span> <span class='ocrx_word' id='word_1_253' title='bbox 2014 2707 2171 2768; x_wconf 87' lang='lat' dir='ltr'><strong>nullo</strong></span> <span class='ocrx_word' id='word_1_254' title='bbox 2198 2727 2291 2767; x_wconf 88' lang='lat' dir='ltr'><strong>re-</strong></span> 
     </span>
    </p>

    <p class='ocr_par' dir='ltr' id='par_1_10' title="bbox 253 2799 2295 3400">
     <span class='ocr_line' id='line_1_28' title="bbox 253 2799 2293 2879; baseline -0.001 -18"><span class='ocrx_word' id='word_1_255' title='bbox 253 2805 327 2862; x_wconf 83' lang='lat'><strong>12</strong></span> <span class='ocrx_word' id='word_1_256' title='bbox 355 2799 586 2860; x_wconf 80' lang='lat' dir='ltr'><strong>fellente</strong></span> <span class='ocrx_word' id='word_1_257' title='bbox 625 2799 880 2860; x_wconf 87' lang='lat' dir='ltr'><strong>obtinere</strong></span> <span class='ocrx_word' id='word_1_258' title='bbox 897 2803 928 2860; x_wconf 69' lang='grc' dir='ltr'><strong>ξ’</strong></span> <span class='ocrx_word' id='word_1_259' title='bbox 1007 2801 1277 2868; x_wconf 88' lang='lat' dir='ltr'><strong>Videsne,</strong></span> <span class='ocrx_word' id='word_1_260' title='bbox 1306 2801 1419 2859; x_wconf 91' lang='lat' dir='ltr'><strong>hoc</strong></span> <span class='ocrx_word' id='word_1_261' title='bbox 1461 2800 1759 2879; x_wconf 83' lang='lat' dir='ltr'><strong>proverbio</strong></span> <span class='ocrx_word' id='word_1_262' title='bbox 1798 2818 1983 2878; x_wconf 85' lang='lat' dir='ltr'><strong>neque</strong></span> <span class='ocrx_word' id='word_1_263' title='bbox 2012 2799 2173 2878; x_wconf 81' lang='lat' dir='ltr'><strong>Gygi</strong></span> <span class='ocrx_word' id='word_1_264' title='bbox 2210 2799 2293 2858; x_wconf 88' lang='lat' dir='ltr'><strong>illi</strong></span> 
     </span>
     <span class='ocr_line' id='line_1_29' title="bbox 355 2888 2293 2971; baseline -0.001 -21"><span class='ocrx_word' id='word_1_265' title='bbox 355 2911 526 2971; x_wconf 91' lang='lat' dir='ltr'><strong>posse</strong></span> <span class='ocrx_word' id='word_1_266' title='bbox 565 2891 789 2950; x_wconf 83' lang='lat' dir='ltr'><strong>veniam</strong></span> <span class='ocrx_word' id='word_1_267' title='bbox 817 2891 956 2960; x_wconf 85' lang='lat' dir='ltr'><strong>dari,</strong></span> <span class='ocrx_word' id='word_1_268' title='bbox 994 2909 1180 2969; x_wconf 87' lang='lat' dir='ltr'><strong>neque</strong></span> <span class='ocrx_word' id='word_1_269' title='bbox 1219 2891 1371 2959; x_wconf 90' lang='lat' dir='ltr'><strong>huic,</strong></span> <span class='ocrx_word' id='word_1_270' title='bbox 1404 2909 1577 2969; x_wconf 89' lang='lat' dir='ltr'><strong>quem</strong></span> <span class='ocrx_word' id='word_1_271' title='bbox 1616 2889 1793 2968; x_wconf 89' lang='lat' dir='ltr'><strong>paulo</strong></span> <span class='ocrx_word' id='word_1_272' title='bbox 1831 2896 1963 2948; x_wconf 84' lang='lat' dir='ltr'><strong>ante</strong></span> <span class='ocrx_word' id='word_1_273' title='bbox 2001 2888 2293 2968; x_wconf 85' lang='lat' dir='ltr'><strong>fingebam</strong></span> 
     </span>
     <span class='ocr_line' id='line_1_30' title="bbox 357 2981 2295 3063; baseline -0.001 -21"><span class='ocrx_word' id='word_1_274' title='bbox 357 2984 669 3063; x_wconf 85' lang='lat' dir='ltr'><strong>digitorum</strong></span> <span class='ocrx_word' id='word_1_275' title='bbox 699 2983 1058 3062; x_wconf 86' lang='lat' dir='ltr'><strong>percussione</strong></span> <span class='ocrx_word' id='word_1_276' title='bbox 1085 2982 1431 3041; x_wconf 84' lang='lat' dir='ltr'><strong>hereditates</strong></span> <span class='ocrx_word' id='word_1_277' title='bbox 1450 2983 1701 3041; x_wconf 90' lang='lat' dir='ltr'><strong>omnium</strong></span> <span class='ocrx_word' id='word_1_278' title='bbox 1727 3001 1895 3060; x_wconf 89' lang='lat' dir='ltr'><strong>posse</strong></span> <span class='ocrx_word' id='word_1_279' title='bbox 1916 2999 2245 3040; x_wconf 80' lang='lat' dir='ltr'><strong>converrere</strong></span> <span class='ocrx_word' id='word_1_280' title='bbox 2262 2981 2295 3040; x_wconf 74' lang='lat'><strong>:⁷</strong></span> 
     </span>
     <span class='ocr_line' id='line_1_31' title="bbox 356 3070 2293 3152; baseline -0.003 -19"><span class='ocrx_word' id='word_1_281' title='bbox 356 3073 443 3133; x_wconf 89' lang='lat' dir='ltr'><strong>Ut</strong></span> <span class='ocrx_word' id='word_1_282' title='bbox 483 3075 649 3142; x_wconf 90' lang='lat' dir='ltr'><strong>enim,</strong></span> <span class='ocrx_word' id='word_1_283' title='bbox 677 3073 835 3151; x_wconf 91' lang='lat' dir='ltr'><strong>quod</strong></span> <span class='ocrx_word' id='word_1_284' title='bbox 875 3080 1045 3152; x_wconf 87' lang='lat' dir='ltr'><strong>turpe</strong></span> <span class='ocrx_word' id='word_1_285' title='bbox 1071 3079 1176 3142; x_wconf 90' lang='lat' dir='ltr'><strong>est,</strong></span> <span class='ocrx_word' id='word_1_286' title='bbox 1206 3072 1268 3130; x_wconf 89' lang='lat' dir='ltr'><strong>id</strong></span> <span class='ocrx_word' id='word_1_287' title='bbox 1302 3073 1564 3151; x_wconf 84' lang='lat' dir='ltr'><strong>quamvis</strong></span> <span class='ocrx_word' id='word_1_288' title='bbox 1602 3071 1939 3140; x_wconf 83' lang='lat' dir='ltr'><strong>occultetur,</strong></span> <span class='ocrx_word' id='word_1_289' title='bbox 1968 3077 2165 3129; x_wconf 85' lang='lat' dir='ltr'><strong>tamen</strong></span> <span class='ocrx_word' id='word_1_290' title='bbox 2186 3070 2293 3128; x_wconf 89' lang='lat' dir='ltr'><strong>ho-</strong></span> 
     </span>
     <span class='ocr_line' id='line_1_32' title="bbox 355 3156 2291 3241; baseline -0.002 -21"><span class='ocrx_word' id='word_1_291' title='bbox 355 3168 583 3220; x_wconf 87' lang='lat' dir='ltr'><strong>nestum</strong></span> <span class='ocrx_word' id='word_1_292' title='bbox 609 3163 732 3221; x_wconf 90' lang='lat' dir='ltr'><strong>fieri</strong></span> <span class='ocrx_word' id='word_1_293' title='bbox 757 3164 914 3222; x_wconf 89' lang='lat' dir='ltr'><strong>nullo</strong></span> <span class='ocrx_word' id='word_1_294' title='bbox 935 3162 1111 3222; x_wconf 90' lang='lat' dir='ltr'><strong>modo</strong></span> <span class='ocrx_word' id='word_1_295' title='bbox 1138 3156 1367 3241; x_wconf 85' lang='lat' dir='ltr'><strong>potest:</strong></span> <span class='ocrx_word' id='word_1_296' title='bbox 1408 3163 1508 3232; x_wconf 86' lang='lat' dir='ltr'><strong>sic,</strong></span> <span class='ocrx_word' id='word_1_297' title='bbox 1530 3161 1685 3240; x_wconf 86' lang='lat' dir='ltr'><strong>quod</strong></span> <span class='ocrx_word' id='word_1_298' title='bbox 1712 3162 2017 3220; x_wconf 82' lang='lat' dir='ltr'><strong>honestum</strong></span> <span class='ocrx_word' id='word_1_299' title='bbox 2041 3178 2157 3218; x_wconf 86' lang='lat' dir='ltr'><strong>non</strong></span> <span class='ocrx_word' id='word_1_300' title='bbox 2182 3167 2291 3228; x_wconf 88' lang='lat' dir='ltr'><strong>est,</strong></span> 
     </span>
     <span class='ocr_line' id='line_1_33' title="bbox 355 3251 2295 3332; baseline -0.002 -20"><span class='ocrx_word' id='word_1_301' title='bbox 355 3251 418 3312; x_wconf 87' lang='lat' dir='ltr'><strong>id</strong></span> <span class='ocrx_word' id='word_1_302' title='bbox 455 3251 596 3310; x_wconf 80' lang='lat' dir='ltr'><strong>utile</strong></span> <span class='ocrx_word' id='word_1_303' title='bbox 635 3258 704 3310; x_wconf 90' lang='lat' dir='ltr'><strong>ut</strong></span> <span class='ocrx_word' id='word_1_304' title='bbox 741 3253 832 3323; x_wconf 87' lang='lat' dir='ltr'><strong>sit,</strong></span> <span class='ocrx_word' id='word_1_305' title='bbox 869 3252 1016 3313; x_wconf 86' lang='lat' dir='ltr'><strong>effici</strong></span> <span class='ocrx_word' id='word_1_306' title='bbox 1052 3272 1169 3312; x_wconf 90' lang='lat' dir='ltr'><strong>non</strong></span> <span class='ocrx_word' id='word_1_307' title='bbox 1206 3258 1416 3332; x_wconf 85' lang='lat' dir='ltr'><strong>potest,</strong></span> <span class='ocrx_word' id='word_1_308' title='bbox 1458 3252 1796 3312; x_wconf 77' lang='lat' dir='ltr'><strong>adversante</strong></span> <span class='ocrx_word' id='word_1_309' title='bbox 1834 3257 1896 3310; x_wconf 90' lang='lat' dir='ltr'><strong>et</strong></span> <span class='ocrx_word' id='word_1_310' title='bbox 1934 3256 2295 3330; x_wconf 86' lang='lat' dir='ltr'><strong>repugnante</strong></span> 
     </span>
     <span class='ocr_line' id='line_1_34' title="bbox 358 3347 582 3400; baseline 0 0"><span class='ocrx_word' id='word_1_311' title='bbox 358 3347 582 3400; x_wconf 82' lang='lat' dir='ltr'><strong>natura.</strong></span> 
     </span>
    </p>
   </div>
   <div class='ocr_carea' id='block_1_3' title="bbox 354 3505 2298 3783">
    <p class='ocr_par' dir='ltr' id='par_1_11' title="bbox 354 3505 2298 3783">
     <span class='ocr_line' id='line_1_35' title="bbox 436 3505 2297 3602; baseline -0.002 -22"><span class='ocrx_word' id='word_1_312' title='bbox 436 3519 564 3580; x_wconf 88' lang='lat' dir='ltr'><strong>XX.</strong></span> <span class='ocrx_word' id='word_1_313' title='bbox 605 3519 694 3578; x_wconf 86' lang='lat' dir='ltr'><strong>At</strong></span> <span class='ocrx_word' id='word_1_314' title='bbox 719 3521 885 3591; x_wconf 85' lang='lat' dir='ltr'><strong>enim,</strong></span> <span class='ocrx_word' id='word_1_315' title='bbox 909 3541 1042 3582; x_wconf 87' lang='lat' dir='ltr'><strong>cum</strong></span> <span class='ocrx_word' id='word_1_316' title='bbox 1068 3541 1383 3602; x_wconf 81' lang='lat' dir='ltr'><strong>permagna</strong></span> <span class='ocrx_word' id='word_1_317' title='bbox 1408 3521 1649 3601; x_wconf 77' lang='lat' dir='ltr'><strong>praemia</strong></span> <span class='ocrx_word' id='word_1_318' title='bbox 1672 3527 1824 3590; x_wconf 88' lang='lat' dir='ltr'><strong>sunt,</strong></span> <span class='ocrx_word' id='word_1_319' title='bbox 1846 3526 1937 3579; x_wconf 86' lang='lat' dir='ltr'><strong>est</strong></span> <span class='ocrx_word' id='word_1_320' title='bbox 1962 3537 2135 3578; x_wconf 86' lang='lat' dir='ltr'><strong>causa</strong></span> <span class='ocrx_word' id='word_1_321' title='bbox 2150 3505 2297 3597; x_wconf 53' lang='lat' dir='ltr'><strong>&#39;peo-</strong></span> 
     </span>
     <span class='ocr_line' id='line_1_36' title="bbox 354 3609 2298 3692; baseline -0.003 -22"><span class='ocrx_word' id='word_1_322' title='bbox 354 3611 540 3672; x_wconf 82' lang='lat' dir='ltr'><strong>oandi.</strong></span> <span class='ocrx_word' id='word_1_323' title='bbox 597 3611 664 3670; x_wconf 81' lang='grc' dir='ltr'><strong>Ο.</strong></span> <span class='ocrx_word' id='word_1_324' title='bbox 688 3610 902 3671; x_wconf 85' lang='lat' dir='ltr'><strong>Marius</strong></span> <span class='ocrx_word' id='word_1_325' title='bbox 921 3631 1054 3672; x_wconf 91' lang='lat' dir='ltr'><strong>cum</strong></span> <span class='ocrx_word' id='word_1_326' title='bbox 1081 3632 1117 3669; x_wconf 87' lang='lat' dir='ltr'><strong>a</strong></span> <span class='ocrx_word' id='word_1_327' title='bbox 1143 3633 1249 3692; x_wconf 90' lang='lat' dir='ltr'><strong>spe</strong></span> <span class='ocrx_word' id='word_1_328' title='bbox 1268 3613 1593 3672; x_wconf 82' lang='lat' dir='ltr'><strong>consulatus</strong></span> <span class='ocrx_word' id='word_1_329' title='bbox 1618 3612 1791 3691; x_wconf 85' lang='lat' dir='ltr'><strong>longe</strong></span> <span class='ocrx_word' id='word_1_330' title='bbox 1818 3611 2063 3679; x_wconf 86' lang='lat' dir='ltr'><strong>abesset,</strong></span> <span class='ocrx_word' id='word_1_331' title='bbox 2086 3615 2149 3667; x_wconf 91' lang='lat' dir='ltr'><strong>et</strong></span> <span class='ocrx_word' id='word_1_332' title='bbox 2170 3609 2298 3687; x_wconf 68' lang='lat' dir='ltr'><strong>Jam</strong></span> 
     </span>
     <span class='ocr_line' id='line_1_37' title="bbox 357 3698 2297 3783; baseline -0.001 -23"><span class='ocrx_word' id='word_1_333' title='bbox 357 3701 668 3780; x_wconf 72' lang='lat' dir='ltr'><strong>septimum</strong></span> <span class='ocrx_word' id='word_1_334' title='bbox 709 3720 922 3762; x_wconf 87' lang='lat' dir='ltr'><strong>annum</strong></span> <span class='ocrx_word' id='word_1_335' title='bbox 962 3708 1097 3781; x_wconf 88' lang='lat' dir='ltr'><strong>post</strong></span> <span class='ocrx_word' id='word_1_336' title='bbox 1141 3709 1457 3781; x_wconf 74' lang='lat' dir='ltr'><strong>praeturam</strong></span> <span class='ocrx_word' id='word_1_337' title='bbox 1493 3703 1731 3783; x_wconf 83' lang='lat' dir='ltr'><strong>jaceret,</strong></span> <span class='ocrx_word' id='word_1_338' title='bbox 1770 3717 1961 3780; x_wconf 84' lang='lat' dir='ltr'><strong>neque</strong></span> <span class='ocrx_word' id='word_1_339' title='bbox 2006 3698 2297 3779; x_wconf 77' lang='lat' dir='ltr'><strong>petiturus</strong></span> 
     </span>
    </p>
   </div>
  </div>
 </body>
</html>
