2484 4175
219 310 295 365 82
1058 322 1136 362 nn·
1164 322 1426 365 omens

256 455 295 510 4
322 451 630 511 Africanus
656 450 830 511 nihilo
856 452 1195 531 locupletior
1216 451 1573 532 KarthagIne
1611 470 1824 512 eversa.
1907 452 2060 523 Quid
2079 452 2110 511 ἲ
2163 450 2265 531 qui

322 542 449 620 ejus
492 542 716 622 collega
758 542 867 605 fuit
905 543 965 601 in
1003 562 1259 612 censura,
1289 542 1355 601 L.
1383 542 1711 611 Mummius,
1751 542 2028 621 numquid
2069 544 2262 622 copio-

323 632 452 700 sior,
472 652 605 691 cum
626 632 1073 711 copiosissimam
1100 634 1304 692 urbem
1329 632 1588 691 funditus
1613 633 1934 693 sustulisset
1950 634 1978 692 ?
2031 633 2262 691 Italiam

322 740 539 792 ornare,
568 741 743 800 quam
770 722 1007 781 domum
1042 742 1223 792 suam,
1253 723 1469 782 maluit.
1551 724 1913 801 Quamquam
1958 723 2128 782 Italia
2169 742 2261 783 or-

258 821 294 873 5
322 818 473 887 nata,
496 812 701 872 domus
726 813 853 891 ipsa
877 813 1017 871 mihi
1032 814 1259 873 videtur
1277 813 1540 873 ornatior.
1603 813 1844 872 Nullum
1869 813 2043 892 igitur
2059 813 2261 872 vitium

322 903 542 961 taetrius
568 909 658 961 est
700 900 792 984 (ut
818 922 906 973 eo,
934 904 1091 963 unde
1129 922 1361 983 egressa
1387 910 1493 973 est,
1521 903 1734 963 referat
1760 922 1822 962 se
1849 902 2057 979 oratio)
2084 922 2262 981 quam

320 992 571 1061 avaritia,
602 993 920 1071 praesertim
945 993 1003 1051 in
1028 994 1380 1073 principibus
1419 1012 1541 1051 rem
1581 993 1870 1072 publicam
1895 993 2262 1073 gubernanti-

256 1088 292 1141 6
321 1082 448 1143 bus.
531 1082 762 1143 Habere
790 1084 939 1143 enim
965 1084 1212 1162 quaestui
1237 1102 1361 1142 rem
1387 1083 1677 1161 publicam
1717 1102 1835 1142 non
1870 1082 2045 1142 modo
2089 1090 2262 1161 turpe

256 1174 292 1235 '1
322 1180 427 1243 est,
456 1172 561 1233 sed
587 1174 929 1233 sceleratum
956 1174 1131 1235 etiam
1156 1180 1216 1233 et
1242 1173 1538 1233 nefarium.
1620 1174 1826 1252 Itaque
1861 1173 2016 1251 quod
2042 1173 2264 1251 Apollo

320 1263 567 1342 Pythius
596 1266 889 1324 oraculum
930 1263 1124 1334 edidit,
1156 1264 1426 1343 Spartam
1451 1264 1610 1322 nulla
1635 1282 1698 1323 re
1723 1264 1851 1331 alia,
1880 1263 1986 1321 nisi
2023 1262 2264 1321 avaritia

322 1372 449 1413 esse
496 1354 825 1433 perituram,
874 1354 933 1413 id
980 1355 1208 1413 videtur
1253 1374 1369 1413 non
1413 1355 1602 1413 solum
1645 1353 2108 1423 Lacedaemoniis,
2153 1354 2262 1412 sed

258 1450 294 1503 8
323 1445 497 1502 etiam
524 1444 787 1503 omnibus
824 1444 1107 1521 opulentis
1146 1446 1376 1521 populis
1419 1444 1764 1523 proedixisse.
1846 1444 2022 1503 Nulla
2064 1451 2263 1503 autem

320 1552 384 1591 re
428 1532 723 1591 conciliare
770 1534 987 1591 facilius
1030 1534 1465 1612 benivolentiam
1505 1533 1884 1594 multitudinis
1923 1541 2165 1612 possunt
2201 1534 2262 1605 ii,

322 1622 419 1701 qui
444 1622 525 1681 rei
552 1621 799 1700 publicae
826 1630 1097 1700 praesunt,
1120 1642 1296 1701 quam
1323 1624 1664 1683 abstinentia
1690 1631 1750 1683 et
1777 1624 2136 1683 continentia.

257 1718 292 1771 9
402 1712 513 1782 Qui
553 1729 689 1770 vero
734 1730 797 1770 se
845 1712 1151 1789 populares
1197 1713 1416 1783 volunt,
1465 1715 1544 1773 ob
1591 1732 1832 1793 eamque
1879 1732 2110 1773 causam
2157 1722 2264 1775 aut

321 1802 602 1881 agrariam
628 1818 753 1861 rem
778 1807 1019 1870 tentant,
1048 1809 1117 1862 ut
1142 1822 1499 1881 possessores
1527 1804 1813 1881 pellantur
1851 1805 1970 1862 suis
2007 1804 2261 1874 sedibuS,

322 1899 425 1950 aut
449 1891 719 1970 pecunias
748 1891 993 1951 creditas
1021 1892 1374 1952 debitoribus
1399 1894 1803 1953 condonandas
1829 1900 2074 1971 putant:
2102 1896 2262 1953 labe-

322 1983 541 2042 factant
583 1981 955 2041 fundamenta
980 1983 1061 2041 rei
1102 1983 1386 2061 publicae;
1429 1984 1790 2043 concordiam
1834 1984 2099 2062 primum,
2127 2003 2264 2064 qu-

322 2093 447 2133 esse
488 2092 604 2132 non
646 2080 854 2154 potest,
885 2095 1017 2134 cum
1058 2073 1179 2133 aliis
1220 2074 1565 2144 adimuntur,
1593 2074 1715 2134 aliis
1741 2075 2132 2134 condonantur
2159 2095 2262 2156 pe-

323 2165 531 2234 cuniae3
561 2163 767 2224 deinde
796 2165 1137 2243 aequitatem,
1159 2183 1292 2242 quae
1319 2165 1536 2225 tollitur
1555 2166 1755 2236 omnis,
1777 2165 1825 2224 si
1850 2165 2063 2225 habere
2091 2185 2264 2226 suum

222 2260 295 2314 10
324 2255 525 2332 cuique
551 2273 667 2313 non
690 2254 839 2314 licet.
911 2255 985 2313 Id
1012 2255 1160 2313 enim
1188 2262 1278 2315 est
1304 2255 1599 2334 proprium
1629 2254 1718 2335 (ut
1759 2275 1932 2335 supra
1959 2255 2098 2335 dixi)
2125 2257 2262 2317 civi-

324 2345 458 2402 tatis
484 2350 659 2421 atque
685 2343 860 2411 urbiS,
882 2351 949 2402 ut
969 2344 1017 2402 si
1042 2345 1218 2404 libera
1238 2352 1298 2403 et
1323 2365 1436 2403 non
1463 2346 1702 2406 sollicita
1729 2365 1850 2404 suae
1875 2347 1958 2405 rei
1978 2347 2262 2425 cujusque

223 2439 290 2491 11
323 2432 597 2490 custodia.
681 2431 881 2510 Atque
922 2433 982 2491 in
1023 2435 1133 2493 hac
1176 2436 1421 2513 pernicie
1461 2436 1542 2495 rei
1583 2435 1830 2514 publicae
1855 2456 1926 2496 ne
1953 2437 2108 2496 illam
2135 2437 2263 2514 qui-

220 2527 295 2582 12
325 2520 459 2580 dem
508 2529 950 2599 consequuntur,
992 2543 1168 2601 quam
1215 2531 1440 2603 putant,
1490 2526 1751 2606 gratiam.
1833 2527 1987 2584 Nam
2031 2527 2124 2586 cui
2165 2537 2264 2586 res

322 2616 521 2688 erepta
560 2617 665 2678 est,
706 2618 797 2670 est
836 2612 1126 2672 inimicus:
1169 2615 1262 2673 cui
1305 2616 1441 2674 data
1483 2623 1588 2684 est,
1619 2616 1791 2676 etiam
1831 2617 2166 2686 dissimulat,
2196 2635 2263 2678 se

322 2701 579 2778 accipere
626 2701 905 2761 voluisse:
948 2709 1009 2762 et
1050 2705 1295 2762 maxime
1336 2705 1396 2764 in
1438 2707 1689 2784 pecuniis
1733 2707 1958 2766 creditis
2005 2708 2264 2767 occultat

221 2797 292 2849 13
324 2810 490 2848 suum
530 2791 824 2870 gaudium,
865 2812 939 2852 ne
964 2793 1225 2852 videatur
1265 2815 1379 2854 non
1420 2795 1596 2855 fuisse
1637 2797 1928 2856 solvendo.
2008 2797 2097 2854 At
2121 2815 2262 2856 vero

319 2881 429 2950 ine,
458 2881 557 2960 qui
584 2882 806 2962 accepit
841 2882 1121 2962 injuriam,
1149 2891 1211 2943 et
1234 2885 1508 2956 meminit,
1537 2895 1598 2944 et
1624 2905 1748 2965 prae
1773 2905 1836 2945 se
1862 2887 1974 2946 fert
1999 2887 2262 2947 dolorem

320 2991 520 3031 suum:
563 2992 687 3043 nec,
736 2972 784 3032 si
830 2973 1027 3052 plures
1074 2981 1207 3033 sunt
1253 2975 1306 3044 ii,
1355 2975 1562 3053 quibus
1608 2976 1868 3055 improbe
1907 2975 2110 3035 datum
2147 2985 2258 3048 est,

322 3080 495 3139 quam
537 3062 635 3130 illi,
666 3063 873 3140 quibus
916 3063 1125 3143 injuste
1165 3065 1500 3143 ademptum
1529 3073 1632 3135 est,
1661 3066 1872 3125 idcirco
1911 3067 2043 3145 plus
2085 3068 2262 3127 etiam

323 3150 525 3209 valent.
610 3151 744 3211 Non
788 3153 939 3212 enim
985 3173 1225 3214 numero
1271 3155 1398 3240 haec
1441 3155 1789 3234 judicantur,
1833 3156 1938 3216 sed
1982 3156 2256 3234 pondere.

221 3246 293 3299 14
322 3242 508 3312 Quam
549 3247 744 3300 autem
787 3242 967 3303 habet
1010 3245 1360 3324 aequitatem,
1387 3253 1456 3304 ut
1481 3265 1686 3326 agrum
1724 3246 1920 3305 multis
1947 3247 2124 3315 anniS,
2153 3254 2262 3307 aut

321 3330 493 3389 etiam
533 3329 773 3398 saeculis,
804 3339 937 3390 ante
979 3352 1326 3411 possessum,
1355 3335 1456 3412 qui
1494 3337 1714 3394 nullum
1753 3336 1972 3404 habuit,
2001 3336 2258 3396 habeat:

322 3420 419 3498 qui
444 3425 638 3478 autem
665 3417 883 3489 habuit,
912 3423 1137 3481 amittat
1154 3425 1183 3483 ‘2
1249 3425 1475 3484 XXIII.
1514 3426 1608 3486 Ac
1636 3433 1874 3506 propter
1900 3426 2010 3485 hoc
2035 3427 2262 3505 injuriae

318 3529 501 3590 genus
527 3508 945 3567 Lacedaemonii
970 3511 1334 3589 Lysandrum
1361 3515 1642 3592 ephorum
1679 3516 2055 3595 expulerunt;
2095 3515 2258 3596 Agin

142 3679 147 3685 ι
318 3618 532 3678 regem,
554 3598 711 3677 quod
737 3617 1029 3677 nunquam
1056 3609 1224 3661 antea
1250 3605 1409 3682 apud
1435 3623 1535 3664 eos
1561 3605 1865 3675 acciderat,
1887 3613 2258 3667 necaverunt.

254 3693 291 3748 2
318 3687 520 3767 Exque
562 3705 632 3747 eo
673 3694 932 3767 tempore
970 3697 1151 3754 tantae
1188 3691 1490 3754 discordiae
1527 3702 1746 3756 secutae
1783 3702 1936 3764 sunt,
1963 3701 2034 3755 ut
2057 3701 2122 3754 et
2155 3701 2260 3775 ty·
