2484 4175
792 315 965 356 11111111
988 313 1077 356 m.
1160 313 1296 358 oar.
1323 315 1512 358 xxvix.
2073 305 2190 362 116

150 442 231 504 de
256 443 431 504 Ulixe
457 441 615 504 nulla
638 443 887 522 suspicio
926 443 1059 529 est),
1086 444 1191 504 sed
1228 445 1552 506 insimulant
1589 464 1724 506 eum
1758 446 2080 527 tragoediae,

150 533 511 594 simulatione
554 535 787 594 insaniae
838 534 1097 594 militiam
1150 536 1550 615 subterfugere
1605 537 1865 597 voluisse.
1947 538 2082 598 Non
2107 545 2146 600 2

150 627 459 684 honestum
506 624 814 684 consilium.
896 625 985 684 At
1030 626 1186 694 utile,
1228 633 1298 686 ut
1337 626 1536 706 aliquis
1573 628 1816 688 fortasse
1855 627 2078 700 dixerit,

150 734 396 794 regnare
424 722 485 774 et
512 715 731 773 Ithscae
756 715 943 774 vivere
968 715 1149 774 otiose
1188 735 1324 775 cum
1350 717 1694 795 parentibus,
1725 737 1858 778 cum
1882 738 2078 789 uxore,

152 825 289 864 cum
314 805 445 864 filio.
527 805 729 864 Ullum
754 811 823 864 tu
846 804 1021 866 decus
1057 805 1117 863 in
1141 805 1480 884 quotidianis
1517 807 1808 868 laboribus
1845 814 1906 868 et
1933 810 2078 889 peri·

151 896 297 956 culis
326 915 459 954 cum
484 895 593 954 hac
620 894 1025 972 tranquillitate
1052 896 1456 956 conferendum
1495 898 1712 976 putas?
1792 898 1920 978 Ego
1946 919 2080 960 vero
2107 907 2144 960 8

148 987 324 1046 istam
350 984 819 1044 contemnendam
842 990 905 1044 et
928 984 1338 1062 abjiciendam:
1381 987 1664 1065 quoniam,
1684 1005 1816 1065 quoe
1841 987 2079 1048 honesta

148 1095 265 1136 non
292 1075 384 1144 sit,
411 1093 485 1133 ne
510 1074 711 1133 utilem
735 1073 966 1152 quidem
990 1093 1116 1134 esse
1156 1076 1416 1136 arbitror.
1499 1077 1652 1147 Quid
1679 1077 1828 1136 enim
1853 1078 2078 1138 auditu·
2105 1085 2144 1138 4

146 1184 285 1224 rum
311 1171 485 1243 putas
510 1164 685 1222 fuisse
710 1165 955 1236 Ulixem,
984 1164 1033 1222 si
1057 1164 1115 1222 in
1150 1165 1250 1224 illa
1285 1165 1640 1226 simulatione
1666 1168 2076 1244 perseveravis-

148 1261 241 1314 set
261 1255 289 1312 ‘2
332 1254 431 1333 qui
456 1273 589 1314 cum
614 1255 889 1314 maximas
914 1273 1009 1314 res
1044 1256 1286 1336 gesserit
1311 1256 1370 1314 in
1394 1255 1564 1327 bello,
1593 1263 1786 1316 tamen
1811 1257 1938 1318 haec
1977 1276 2076 1318 an·

146 1345 275 1404 diat
300 1345 377 1404 ab
403 1344 629 1423 Ajace:

480 1433 662 1510 Cujus
684 1434 799 1508 ipse
812 1435 1075 1509 princeps
1085 1434 1246 1510 juris
1254 1434 1501 1510 jurandi
1509 1436 1656 1512 ficit,

483 1523 651 1598 Quod
675 1543 857 1582 omnes
882 1525 1048 1593 scitis,
1076 1526 1230 1583 solue
1253 1526 1491 1600 myleoeit
1504 1526 1701 1602 fidem.

469 1613 684 1674 Furere
707 1615 1051 1684 assimulare,
1078 1634 1149 1672 m
1172 1616 1354 1685 coiret,
1381 1617 1602 1676 institit.

482 1703 649 1777 Quod
672 1705 736 1762 πί
759 1705 1091 1762 Palanwdic
1098 1706 1389 1780 perspicax
1401 1706 1712 1781 madentia

470 1793 657 1854 Istius
670 1804 947 1870 percepset
972 1787 1316 1860 malitiosam
1339 1797 1655 1868 audaciam,

470 1885 619 1944 Fide
642 1893 873 1943 sacratoe
883 1886 989 1961 jus
1004 1887 1526 1962 pemetuofallewt.

146 1977 244 2036 Illi
268 1994 409 2034 vero
433 1994 548 2033 non
572 1975 747 2034 modo
774 1995 909 2034 cum
926 1975 1204 2044 hostibuS,
1223 1994 1422 2034 verum
1435 1975 1608 2034 etiam
1635 1995 1768 2036 cum
1791 1977 2075 2046 fluctibus,
2106 1987 2144 2040 5

144 2067 209 2127 id
236 2064 399 2145 quod
423 2065 576 2134 fecit,
606 2064 873 2125 dimicare
898 2065 1101 2125 melius
1128 2064 1256 2135 fuit,
1285 2084 1460 2145 quam
1498 2063 1760 2125 deserere
1801 2067 2077 2127 consenti-

148 2164 347 2217 entem
376 2156 661 2215 Graeoiam
686 2155 764 2214 ad
790 2156 1005 2216 bellum
1030 2155 1286 2215 barbaris
1311 2155 1681 2215 inserendum.

230 2334 355 2395 Sed
406 2334 737 2395 omittamus
776 2340 839 2399 et
886 2335 1131 2405 fabulas,
1170 2341 1233 2394 et
1285 2340 1542 2396 externa·
1583 2335 1660 2395 ad
1705 2354 1828 2395 rem
1871 2336 2082 2397 factam
2109 2343 2145 2397 6

146 2433 521 2503 nostramque
546 2425 855 2485 veniamus.
937 2426 1016 2485 Μ.
1046 2425 1260 2485 Atilius
1300 2426 1356 2483 R
1371 2443 1406 2483 e
1419 2445 1460 2505 g
1475 2445 1518 2483 ιι
1531 2425 1554 2484 l
1569 2446 1612 2483 u
1625 2444 1682 2495 s,
1711 2445 1844 2486 cum
1883 2427 2080 2487 consul
2109 2427 2143 2487 ’1

145 2517 359 2576 iterum
386 2516 447 2575 in
464 2515 662 2573 Africa
682 2534 755 2576 ex
780 2514 991 2573 insidiis
1018 2521 1222 2593 captus
1251 2522 1422 2583 esset,
1443 2515 1590 2574 duce
1615 2516 1946 2597 Xanthippo
1971 2516 2080 2575 La-

148 2604 521 2673 cedaemonio,
562 2603 905 2683 imperatore
944 2610 1138 2664 autem
1174 2612 1340 2682 patre
1378 2604 1712 2665 Hannibalis
1737 2606 2080 2675 Hamilcare,

143 2696 379 2775 juratus
402 2694 610 2753 missus
636 2700 725 2753 est
750 2692 827 2751 ad
866 2701 1144 2763 senatum,
1172 2702 1259 2764 ut,
1285 2694 1390 2753 nisi
1427 2695 1636 2755 redditi
1673 2704 1864 2757 essent
1887 2698 2082 2759 Poenis

145 2784 366 2863 captivi
389 2784 607 2843 nobiles
646 2783 895 2861 quidam,
938 2782 1149 2843 rediret
1186 2784 1312 2862 ipse
1345 2784 1776 2863 Karthaginem.
1858 2788 1920 2843 Is
1947 2806 2079 2846 cum
2108 2794 2144 2847 S

144 2876 397 2935 Romam
422 2874 685 2942 venisset,
724 2872 982 2931 utilitatis
1022 2873 1272 2951 speciem
1310 2873 1557 2942 videbat,
1585 2874 1690 2933 sed
1715 2892 1858 2943 eam,
1886 2880 1954 2933 ut
1989 2894 2084 2933 res

142 2964 423 3032 declarat,
451 2962 655 3021 falsam
677 2962 988 3040 judicavit:
1030 2982 1163 3042 quae
1182 2970 1306 3021 erat
1331 2962 1496 3021 talis:
1537 2980 1768 3022 manere
1791 2963 1852 3022 in
1876 2964 2078 3041 patria,

142 3073 273 3113 esse
301 3052 463 3111 domi
500 3072 623 3113 suae
652 3072 787 3112 cum
825 3070 1020 3121 uxore,
1048 3072 1181 3110 cum
1219 3051 1448 3119 liberis3
1487 3070 1662 3127 quam
1701 3052 2082 3113 calamitatem

140 3143 472 3221 accepisset
496 3142 554 3201 in
579 3142 749 3210 bello,
779 3160 1135 3201 communem
1158 3142 1406 3201 fortunae
1445 3140 1670 3201 bellicae
1705 3141 2080 3219 judicantem,

142 3241 347 3294 tenere
388 3230 701 3291 consularis
744 3230 1033 3311 dignitatis
1073 3230 1336 3310 gradum.
1420 3230 1562 3301 Quis
1587 3231 1714 3291 haec
1751 3239 1928 3312 neget
1953 3251 2080 3293 esse

142 3323 349 3383 utilia.
327 3322 356 3363 9
420 3322 605 3391 Quem
634 3340 867 3379 censes,
846 3322 874 3365 9
928 3319 1272 3399 Magnitudo
1295 3320 1465 3379 animi
1491 3328 1552 3380 et
1586 3322 1864 3382 fortitudo
1889 3330 2080 3403 negat.

140 3410 603 3475 XXV11.Num
628 3410 1027 3488 locupletiores
1054 3411 1262 3488 quaeris
1297 3418 1596 3471 auctores,
1575 3412 1602 3455 9
1683 3413 1908 3471 Harum
1933 3413 2082 3473 enim

140 3510 237 3563 est
287 3501 567 3559 virtutum
621 3500 933 3577 proprium,
974 3500 1111 3559 nihil
1165 3501 1548 3570 extimescere,
1599 3503 1786 3561 omnia
1836 3503 2084 3561 humana

141 3591 463 3670 despicere,
491 3588 649 3657 nihil,
676 3589 836 3667 quod
875 3590 1089 3649 homini
1130 3590 1388 3649 accidere
1420 3592 1620 3668 possit,
1658 3590 2082 3651 intolerandum

142 3688 371 3764 putare.
454 3679 663 3757 Itaque
708 3678 849 3759 quid
900 3680 1081 3739 fecit?
1162 3680 1235 3739 In
1286 3687 1550 3739 senatum
1599 3682 1774 3750 venit,
1813 3680 2082 3739 mandata
2108 3686 2145 3739 2
