2484 4175
957 343 1130 386 mun
1151 345 1194 385 1.
1274 343 1414 386 cnr.
1442 345 1599 388 xuv.
2175 337 2253 392 5⁸

291 483 506 544 XLIV.
548 484 610 542 A
715 502 750 542 e
765 481 882 585 illi,
909 503 1154 564 quorum
1195 485 1387 546 studia
1411 486 1641 566 vitaque
1668 485 1851 548 omnis
1874 485 1935 548 in
1959 505 2151 549 rerum

211 574 534 654 cognitione
561 593 632 633 ve
687 525 806 633 ἴα
813 582 918 644 est,
1067 594 1102 634 e
1167 575 1242 636 ab
1271 575 1549 656 augendis
1575 577 1869 638 hominum
1894 578 2147 638 utilitati·

209 663 320 724 bus
341 672 404 724 et
428 665 740 725 commodis
765 683 881 724 non
903 647 998 724 rec
1125 673 1275 726 runt.
1344 666 1406 726 N
1404 685 1499 726 am
1525 675 1585 726 et
1610 667 1977 730 erudiverunt
2000 669 2147 728 mul-
2177 676 2213 730 2

208 762 320 824 tos,
343 774 462 833 quo
485 755 746 816 meliores
765 755 917 856 cives
919 755 1307 849 utilioresque
1325 756 1497 818 rebus
1516 757 1633 816 suis
1660 741 1901 871 publicis
1920 766 2145 818 essent·

207 852 278 903 ιιι
304 845 643 905 Thebanum
668 815 1124 924 Epaminondam
1134 835 1319 926 (Lysis
1336 825 1757 952 Pythagoreus,
1758 844 2149 928 Syracusium

207 934 455 994 Dionem
497 935 668 994 Plato
702 935 990 1036 multique
1035 936 1279 995 multos:
1335 955 1553 1015 nosque
1591 937 1717 1017 ipsi,
1758 939 2029 1019 quicquid
2069 939 2147 998 ad

205 1044 331 1084 rem
360 1026 652 1104 publicam
676 1009 990 1095 attulimus,
1019 1024 1068 1085 si
1093 1025 1267 1086 modo
1294 1026 1511 1105 aliquid
1542 1028 1855 1098 attulimus,
1884 1048 1923 1088 a
1948 1029 2145 1090 docto-

205 1115 367 1176 ribus
399 1124 574 1194 atque
601 1117 860 1176 doctrina
896 1115 1157 1176 instructi
1182 1116 1260 1176 ad
1295 1135 1425 1176 eam
1462 1125 1527 1176 et
1561 1117 1747 1177 ornati
1782 1119 2143 1206 accessimus.
2214 1149 2250 1208 ι(

206 1205 416 1285 Neque
459 1207 648 1266 solum
684 1207 797 1266 vivi
833 1213 1008 1285 atque
1052 1215 1367 1287 praesentes
1404 1207 1689 1267 studiosos
1730 1207 1987 1268 discendi
2014 1186 2143 1269 erii-
2172 1199 2209 1270 ἐ

204 1295 374 1356 diunt
399 1303 570 1375 atque
595 1297 820 1367 docent,
847 1299 952 1358 sed
990 1299 1101 1360 hoc
1131 1299 1286 1358 idem
1314 1298 1488 1356 etiam
1516 1307 1651 1376 post
1674 1306 1917 1358 mortem
1942 1319 2141 1359 monu-

203 1387 412 1447 mentis
439 1387 754 1446 litterarum
779 1396 1189 1468 assequuntur:
1231 1407 1337 1448 nec
1358 1387 1509 1448 enim
1534 1389 1695 1448 locus
1719 1388 1872 1448 ullus
1907 1397 2142 1469 proter·
2170 1395 2209 1450 4

203 1477 414 1536 missus
457 1485 548 1536 est
583 1478 660 1537 ab
697 1477 782 1546 iis,
811 1478 912 1556 qui
947 1478 1024 1536 ad
1063 1479 1245 1559 leges,
1260 1479 1375 1565 ‘qui
1400 1477 1476 1537 ad
1512 1498 1719 1549 mores,
1748 1479 1849 1558 qui
1873 1480 1950 1540 ad
1976 1480 2142 1540 disci-

204 1568 421 1649 plinam
460 1567 543 1626 rei
582 1566 830 1645 publicae
867 1569 1210 1646 pertineret:
1243 1565 1323 1627 ἰιι
1361 1569 1543 1628 οιιιιιιι
1569 1588 1738 1628 suum
1764 1569 1841 1628 ad
1880 1577 2141 1630 nostrum

201 1659 500 1738 negotium
536 1657 842 1718 contulisse
869 1658 1185 1720 videantur.
1268 1661 1363 1719 Ita
1390 1659 1471 1718 illi
1492 1659 1604 1738 ipsi
1630 1659 1905 1720 doctrinae
1938 1661 2141 1720 studiis
2168 1671 2205 1724 δ

201 1755 264 1808 et
289 1748 582 1828 sapientiae
607 1748 804 1818 dediti,
831 1748 908 1808 ad
933 1750 1230 1808 hominum
1271 1749 1577 1810 utilitatem
1617 1769 1783 1810 suam
1821 1750 2139 1831 intelligen-

198 1839 344 1899 tiam
365 1839 842 1918 prudentiamque
861 1839 1218 1918 potissimum
1233 1840 1548 1900 conferunt.
1598 1838 1693 1901 Ob
1708 1859 1949 1921 eamque
1965 1842 2141 1902 etiam
2168 1846 2205 1902 0

199 1949 440 1990 causam
479 1929 666 2008 eloqui
705 1929 950 2008 copiose,
992 1929 1169 1990 modo
1208 1930 1563 2026 prudenter
1579 1931 1783 1990 melius
1820 1939 1927 2000 est,
1967 1951 2141 2010 quam

197 2021 298 2081 vel
323 2020 644 2080 acutissime
671 2020 790 2080 sine
817 2020 1142 2114 eloquentia
1178 2022 1471 2102 cogitare3
1512 2008 1669 2099 quod
1698 2020 1968 2101 cogitatio
1993 2022 2052 2079 in
2076 2039 2141 2080 se

197 2112 330 2192 ipsa
367 2112 624 2180 vertitur,
661 2112 984 2190 eloquentia
1023 2098 1425 2191 complectitur
1462 2130 1579 2180 008,
1608 2110 1949 2198 quibuscum
1987 2129 2139 2171 com·

197 2202 480 2261 munitate
517 2202 702 2299 juncti
741 2220 957 2263 sumus.
1038 2202 1242 2280 Atque
1282 2209 1349 2261 ut
1384 2200 1583 2279 apium
1608 2180 1867 2259 efissi‘n‘ffia
1892 2219 2007 2259 non
2032 2201 2137 2260 fin·
2167 2202 2202 2263 7
2286 2240 2297 2247 -

197 2292 524 2373 gendorum
548 2279 808 2351 favorum
834 2310 1008 2351 causa
1034 2298 1477 2371 congregantur,
1506 2290 1627 2360 sed,
1658 2278 1792 2349 cum
1826 2286 2157 2371 congrega-n
2144 2312 2200 2338 ⁴⁷·
2228 2310 2233 2318 ·

197 2382 337 2443 bilia
361 2389 568 2441 natura
591 2382 720 2451 sint,
749 2382 976 2462 fingunt
999 2381 1196 2441 favos:
1228 2382 1325 2466 sic
1351 2381 1626 2452 homines,
1654 2400 1722 2441 ac
1754 2381 1939 2441 multo
1966 2382 2139 2441 etiam

197 2473 404 2552 magis,
431 2479 638 2531 natura
677 2472 1030 2575 congregati,
1059 2439 1339 2531 adhibent
1364 2472 1575 2552 agendi
1600 2470 2001 2552 cogitandique
2026 2472 2139 2532 sol-

195 2564 442 2624 lertiam.
526 2564 732 2641 Itaque
774 2562 880 2621 nisi
918 2581 988 2621 ea
1023 2562 1222 2631 virtus,
1260 2581 1395 2640 quae
1436 2568 1661 2622 constat
1700 2582 1775 2621 cx
1816 2563 2137 2623 hominibus
2167 2569 2203 2623 8

196 2654 446 2724 tuendiS,
473 2653 536 2713 id
579 2660 670 2713 est
710 2649 806 2719 eir
822 2652 1094 2713 societate
1133 2653 1388 2742 generis
1392 2652 1641 2755 humani,
1671 2652 1921 2733 attingat
1946 2653 2137 2733 cogni-

195 2745 415 2804 tionem
440 2764 650 2813 rerum,
679 2722 934 2825 solivaga
961 2744 1208 2824 cognitio
1235 2750 1295 2803 et
1326 2726 1525 2822 jejuna
1550 2742 1847 2812 videatur3
1888 2743 2137 2821 itemque
2164 2748 2203 2803 9

195 2835 558 2937 magnitudo
575 2834 762 2916 animi,
790 2841 1012 2893 remota
1049 2834 1457 2893 communitate
1492 2833 1999 2912 conjunctioneque
2025 2834 2134 2891 hu-

194 2944 387 2996 mana,
423 2906 630 2984 feritas
661 2925 736 2983 sit
773 2923 1042 3003 quaedam
1079 2931 1140 2983 et
1183 2924 1518 2984 immanitas.
1600 2923 1695 2982 Ita
1733 2923 1815 2991 fit,
1852 2930 1921 2981 ut
1946 2922 2137 2981 vincat
2166 2930 2237 2985 10

195 3014 538 3096 cognitionis
561 3014 818 3075 studium
845 3014 1186 3074 consociatio
1221 3014 1517 3083 hominum
1541 3020 1717 3091 atque
1741 3012 2134 3073 communitas.

193 3105 326 3165 Nec
352 3124 557 3164 verum
585 3111 693 3174 est,
722 3104 880 3183 quod
908 3104 1116 3164 dicitur
1153 3123 1189 3163 a
1215 3102 1579 3192 quibusdam,
1618 3108 1857 3181 propter
1892 3103 2135 3163 necessi-
2178 3116 2187 3121 ‘

193 3203 378 3256 tatem
405 3196 556 3265 vitae,
585 3180 744 3274 quod
783 3214 870 3264 ea,
899 3213 1034 3273 quae
1071 3201 1279 3253 natura
1316 3178 1687 3262 desideraret,
1717 3192 1987 3273 consequi
2014 3194 2137 3253 sine

191 3287 320 3347 aliis
365 3292 542 3365 atque
583 3284 807 3344 efficere
845 3304 960 3345 non
999 3302 1318 3363 possemus,
1344 3282 1557 3344 idcirco
1596 3283 1797 3343 initam
1836 3302 1962 3343 esse
2002 3286 2137 3345 cum

191 3376 524 3436 hominibus
551 3374 1017 3437 communitatem
1045 3382 1106 3433 et
1131 3374 1493 3444 societatem3
1536 3375 1709 3454 quod,
1739 3374 1789 3434 si
1822 3375 2010 3435 omnia
2034 3394 2135 3433 no-

189 3469 301 3538 bis,
331 3487 466 3546 quae
505 3467 580 3525 ad
607 3466 824 3542 victum
835 3466 1200 3555 cultumque
1239 3464 1541 3544 pertinent,
1582 3465 1753 3545 quasi
1787 3465 2009 3545 virg-ula
2052 3464 2137 3523 di·

189 3560 344 3628 vina,
373 3566 442 3617 ut
468 3558 644 3627 aiunt,
673 3526 1198 3645 suppeditarentur,
1227 3563 1355 3615 tum
1381 3557 1600 3635 optimo
1627 3556 1865 3634 quisque
1890 3554 2135 3634 ingenie,

183 3648 440 3729 negotiis
479 3648 744 3707 omnibus
783 3647 1022 3717 omissis,
1052 3653 1242 3706 totum
1269 3665 1333 3704 se
1359 3646 1419 3705 in
1446 3646 1767 3725 cognitione
1802 3652 1863 3705 et
1902 3643 2153 3705 scientia

183 3730 520 3800 collocaret.
588 3738 720 3797 Non
748 3743 840 3797 est
864 3736 962 3797 ita.
1029 3736 1182 3796 Nam
1209 3743 1271 3795 et
1296 3736 1657 3795 solitudinem
1684 3734 1928 3814 fugeret,
1956 3740 2018 3795 et
2042 3753 2133 3795 so-
2164 3738 2236 3794 11
