2484 4175
867 331 1042 372 maa
1067 329 1133 372 11.
1215 327 1351 374 on.
1380 329 1499 372 xxv.
2120 309 2193 370 ¹71

167 469 444 531 versatur,
473 459 528 530 ii,
556 461 792 520 simulac
827 461 1066 540 juvenes
1101 479 1226 518 esse
1254 467 1570 539 coeperunt,
1598 476 1809 537 magna
1832 463 2091 536 spectare

165 561 226 613 et
261 554 338 612 ad
379 573 450 612 ea
483 553 654 611 rectis
681 552 882 610 studiis
910 551 1124 611 debent
1149 551 1527 610 contendere:
1570 550 1725 628 quod
1753 569 1823 608 eo
1848 549 2092 608 firmiore

164 643 356 702 animo
379 642 608 712 facient,
637 641 770 720 quia
794 659 910 700 non
933 641 1108 700 modo
1133 658 1249 698 non
1283 639 1565 709 invidetur
1587 640 1669 700 illi
1695 639 1864 709 aetati,
1894 659 2091 700 verum
2178 659 2185 666 ·

165 731 338 792 etiam
363 731 607 792 favetur.
1426 769 1447 805 ,ἲ

147 845 152 850 .
1415 817 1461 856 a:
1964 855 1969 863 ¹

243 911 440 970 Prima
479 917 572 970 est
607 911 782 990 igitur
817 908 1166 970 adolescenti
1203 908 1619 969 commendatio
1636 859 1721 970 ad
1760 859 2025 990 gloriam,
2044 907 2095 968 si
2122 917 2159 968 5

165 1019 284 1078 qua
320 1019 410 1060 ex
458 1001 784 1060 bellicis
823 1001 1055 1060 rebus
1093 999 1409 1078 comparari
1444 1006 1668 1079 potest;
1707 999 1905 1078 inqua
1930 999 2095 1060 multi

164 1090 324 1169 apud
344 1091 590 1169 majores
607 1096 832 1150 nostros
852 1089 1186 1149 extiterunt:
1215 1107 1443 1167 semper
1459 1089 1609 1147 enim
1628 1089 1746 1148 fere
1766 1089 1915 1148 bella
1932 1107 2093 1168 gere-

164 1182 392 1241 bantur.
447 1182 570 1240 Tua
589 1188 782 1242 autem
802 1189 942 1240 aetas
959 1180 1187 1241 incidit
1171 1200 1230 1240 m
1248 1180 1309 1239 id
1329 1180 1561 1249 bellum,
1582 1181 1745 1260 cujus
1765 1181 1943 1240 altera
1961 1199 2096 1259 pars
2122 1187 2161 1240 6

165 1271 398 1330 sceleris
420 1271 656 1330 nimium
680 1271 899 1340 habuit,
925 1270 1106 1330 altera
1136 1269 1419 1330 felicitatis
1446 1288 1665 1350 parum.
1746 1271 1877 1340 Quo
1900 1277 2095 1328 tamen
2122 1270 2159 1330 '1

165 1361 226 1419 in
263 1361 433 1430 bello,
461 1379 594 1420 cum
633 1367 694 1420 te
730 1361 1040 1439 Pompeius
1077 1360 1188 1420 alae
1227 1339 1393 1419 alteri
1430 1360 1796 1439 praefecisset,
1825 1379 2095 1464 magnam

167 1451 400 1510 laudem
441 1456 502 1510 et
540 1469 576 1508 a
615 1469 840 1510 summo
865 1449 986 1508 viro
1013 1456 1074 1508 et
1099 1451 1174 1508 ab
1203 1450 1455 1509 exercitu
1491 1450 1913 1529 consequebare
1939 1449 2094 1527 equi-

166 1539 362 1609 tand0,
387 1539 714 1618 jaculandO,
743 1540 896 1599 omni
933 1520 1159 1598 militari
1189 1539 1386 1598 labore
1410 1539 1720 1599 tolerando.
1802 1540 1999 1617 Atque
2027 1558 2097 1598 ea

167 1629 405 1707 quidem
429 1635 530 1688 tua
554 1629 680 1688 laus
706 1629 918 1708 pariter
945 1648 1077 1688 cum
1101 1648 1164 1688 re
1191 1629 1419 1708 publica
1438 1629 1654 1690 cecidit.
1736 1629 1877 1688 Mihi
1902 1637 2095 1689 autem
2124 1637 2160 1692 8

165 1719 298 1778 haec
317 1719 500 1778 oratio
518 1726 784 1797 suscepta
801 1738 916 1778 non
937 1719 1010 1778 de
1039 1725 1098 1778 te
1123 1725 1232 1788 est,
1260 1717 1363 1777 sed
1390 1719 1463 1778 de
1489 1737 1697 1799 genere
1712 1725 1865 1780 toto:
1896 1738 2093 1799 quam-

167 1809 367 1866 obrem
393 1826 700 1887 pergamus
725 1809 802 1867 ad
828 1827 914 1877 e&
941 1827 1074 1887 quae
1102 1815 1336 1869 restant.

247 1897 334 1955 Ut
373 1897 548 1976 igitur
584 1898 644 1956 in
681 1898 909 1975 reliquis
946 1899 1118 1958 rebus
1155 1897 1341 1956 multo
1374 1897 1592 1976 majora
1622 1917 1796 1978 opera
1821 1907 1955 1958 sunt
1980 1898 2095 1958 ani-
2124 1904 2161 1958 9

166 1987 266 2054 mi,
291 2005 468 2064 quam
507 1987 790 2066 corporis:
833 1988 914 2047 sic
939 2005 1026 2046 eae
1051 2007 1159 2056 res,
1189 2007 1333 2066 quas
1368 1987 1591 2066 ingenio
1616 2005 1683 2046 ac
1715 1989 1929 2047 ratione
1966 2007 2094 2066 per-

165 2077 475 2155 sequimur,
515 2077 802 2157 graviores
839 2084 991 2147 sunt,
1030 2096 1202 2156 quam
1239 2077 1376 2147 illae,
1414 2098 1559 2156 quas
1596 2077 1822 2137 viribus.
1903 2078 2096 2138 Prima
2124 2083 2203 2139 1o

166 2168 1634 2271 igiturcommendatioproficiscituramodestia,
1658 2174 1783 2226 tum
1806 2166 2095 2246 pietate

167 2258 226 2316 in
267 2264 549 2335 parentes,
593 2257 654 2315 in
702 2277 838 2317 suos
892 2257 1282 2317 benivolentia.
1364 2256 1653 2316 Facillime
1692 2264 1901 2325 autem,
1942 2264 2001 2316 et
2037 2258 2096 2316 in
2125 2263 2195 2317 11

167 2347 447 2426 optimam
475 2354 715 2425 partem,
739 2354 1158 2427 cognoscuntur
1177 2346 1581 2416 adolescentes,
1604 2346 1702 2425 qui
1728 2366 1789 2405 se
1808 2348 1883 2405 ad
1913 2346 2095 2407 claros

167 2443 231 2495 et
255 2437 540 2515 sapientes
559 2437 727 2505 viros,
749 2438 894 2496 bene
920 2437 1279 2496 consulentes
1304 2437 1385 2495 rei
1414 2437 1679 2516 publicae,
1702 2436 2093 2497 contulerunt·

169 2526 510 2604 quibuscum
551 2526 601 2585 si
640 2526 963 2604 frequentes
1009 2534 1162 2595 sunt,
1209 2526 1529 2631 opinionem
1574 2528 1819 2586 afferunt
1862 2528 2093 2607 popu10,

169 2634 368 2675 eorum
409 2615 532 2675 fore
574 2634 638 2675 se
677 2615 902 2684 simileS,
929 2635 1076 2695 quos
1119 2615 1276 2675 sibi
1260 2617 1389 2729 ipsi
1404 2617 1717 2721 delegerint
1756 2616 1831 2675 ad
1872 2618 2093 2677 imitan-

169 2704 326 2765 dum.
407 2705 476 2767 P.
504 2706 700 2765 Rutilii
723 2704 1164 2765 adolescentiam
1189 2706 1266 2765 311
1292 2686 1611 2786 opinionem
1644 2714 1705 2766 et
1741 2707 2094 2776 innocentiae,
2126 2713 2199 2765 12

169 2802 230 2853 et
270 2794 418 2873 juris
462 2795 727 2897 scientjae,
768 2795 838 2854 P.
878 2796 1054 2855 Mucii
1091 2767 1506 2855 commendavit
1544 2795 1765 2855 domus.
1845 2797 1999 2854 Nam
2026 2796 2092 2855 L.
2125 2803 2197 2855 13

31 2934 40 2946 .
207 2858 682 2979 uideffra'ssns,
705 2904 836 2944 cum
854 2892 1006 2944 esset
1025 2885 1337 2944 admodum
1358 2886 1705 2953 adolescens,
1726 2904 1840 2942 non
1868 2884 2149 2943 aliunde

93 2985 115 2999 ⁴
169 2929 470 3035 niuffitus
508 2981 616 3043 est,
643 2974 746 3033 sed
775 2974 920 3034 sibi·
905 2994 1029 3054 ipse
1055 2974 1281 3053 peperit
1316 2974 1622 3032 maximam
1646 2973 1878 3033 laudem
1904 2993 1977 3031 ex
2000 2974 2097 3031 illa

169 3064 530 3124 accusatione
555 3064 729 3124 nobili
753 3071 814 3124 et
850 3064 1138 3144 gloriosa.
1179 3070 1240 3123 et
1264 3082 1381 3141 qua
1416 3068 1586 3121 aetate
1612 3063 1711 3141 qui
1748 3069 2095 3132 exercentur,

172 3153 344 3213 laude
381 3154 530 3213 affici
569 3154 770 3223 solent,
797 3162 868 3215 ut
905 3154 980 3213 de
1019 3154 1407 3213 Demosthene
1446 3153 1785 3231 accepimus,
1814 3170 1885 3211 ea
1923 3159 2097 3213 aetate

173 3244 234 3305 L.
266 3244 512 3302 Crassus
549 3243 812 3312 ostendit,
839 3243 900 3302 id
939 3262 1002 3302 se
1040 3243 1098 3302 in
1137 3244 1264 3302 foro
1302 3243 1517 3321 optIme
1551 3241 1673 3322 jam
1710 3244 1914 3313 facere,
1942 3243 2099 3323 quod

170 3334 470 3392 etiamtum
497 3339 724 3411 poterat
748 3333 903 3393 domi
927 3350 1062 3392 cum
1087 3331 1261 3392 laude
1287 3331 1570 3392 meditari.

248 3512 414 3571 XIV.
457 3512 575 3571 Sed
601 3532 734 3571 cum
754 3512 970 3591 duplex
995 3510 1140 3571 ratio
1165 3512 1240 3570 sit
1266 3512 1546 3581 orationis,
1568 3530 1811 3589 quarum
1834 3512 1893 3570 in
1918 3511 2099 3570 altera

169 3619 358 3660 sermo
400 3602 489 3671 sit,
518 3602 576 3661 in
613 3602 794 3661 altera
831 3601 1146 3661 contentio:
1195 3619 1310 3661 non
1348 3608 1437 3661 est
1474 3600 1533 3659 id
1572 3601 1803 3679 quidem
1842 3600 2099 3668 dubium,

167 3690 311 3769 quin
333 3692 622 3751 contentio
649 3690 916 3752 orationis
941 3691 1216 3771 majorem
1241 3692 1357 3752 vim
1384 3692 1595 3750 habeat
1618 3688 1696 3767 ad
1732 3689 1975 3768 gloriam
2004 3687 2100 3769 (ea
