2484 4175
894 299 1066 342 unna
1089 301 1176 342 111.
1258 301 1392 344 on.
1424 303 1505 345 vr.
2133 291 2211 350 0⁸

179 427 787 507 pertatem,=dolorem‚
815 430 1172 492 amissionem
1201 431 1375 492 etiam
1402 431 1725 502 liberorum,
1758 433 2104 514 propinquo-

178 539 330 587 rum,
374 518 704 588 amicorum,
749 537 921 597 quam
965 521 1154 580 facere
1201 522 1449 600 cuipiam
1498 523 1779 602 injuriam.
1862 525 1925 584 Si
1966 527 2105 587 nihil
2136 535 2209 589 14

177 609 470 668 existimat
497 615 695 668 eontra
719 617 982 670 naturam
1007 611 1128 670 fieri
1152 611 1473 671 hominibus
1500 613 1789 683 violandi&
1812 615 1949 692 quid
1975 635 2107 676 eum

177 719 252 758 eo
279 699 542 767 disseras,
569 699 665 776 qui
693 701 918 760 omnino
943 701 1232 761 hominem
1260 721 1331 760 ex
1357 703 1581 762 homine
1608 704 1775 763 tollat
1791 705 1819 763 ‘2
1888 705 1989 764 Sin
2014 707 2104 764 fu-
2136 715 2208 769 15

177 789 457 868 giendum
504 789 564 848 id
607 789 840 866 quidem
883 797 1092 860 censet,
1121 791 1226 850 sed
1262 792 1447 851 multo
1472 792 1569 851 illa
1596 793 1811 872 pejora,
1840 803 2105 866 mortem,

179 885 602 957 paupertatem,
631 878 920 948 dolorem;
962 887 1114 939 errat
1137 881 1196 940 in
1222 900 1310 950 eo,
1338 882 1495 959 quod
1522 882 1702 941 ullum
1728 890 1829 942 aut
1856 886 2107 964 eorporis

177 976 283 1027 aut
309 969 555 1028 fortunae
581 969 780 1030 vitium
805 969 950 1030 vitiis
975 970 1146 1028 animi
1170 971 1401 1050 gravius
1426 972 1731 1033 existimat.

259 1149 370 1210 VI.
397 1149 556 1228 Ergo
575 1169 751 1208 unum
771 1149 944 1208 debet
963 1168 1086 1208 esse
1106 1149 1365 1210 omnibus
1385 1151 1755 1230 propositum,
1770 1158 1837 1211 ut
1856 1171 1889 1212 e
1900 1171 1937 1210 a.
1950 1149 2105 1213 d'em

175 1239 278 1298 ait
311 1239 602 1299 utilitas
635 1240 1211 1318 uniuseujusque
1241 1247 1311 1299 et
1350 1241 1879 1301 universorum:
1930 1262 2104 1321 quam

173 1329 227 1388 si
251 1330 330 1388 ad
358 1349 422 1388 se
447 1329 683 1408 quisque
709 1330 908 1408 rapiet,
937 1330 1279 1390 dissolvetur
1316 1331 1495 1390 omnis
1533 1332 1783 1390 humana
1808 1333 2102 1393 consortio.

173 1421 378 1498 Atque
407 1420 594 1488 etiam,
623 1420 672 1478 si
695 1419 806 1478 hoe
833 1426 1037 1478 natura.
1074 1420 1407 1499 praeseribit,
1434 1428 1504 1479 ut
1528 1421 1699 1480 homo
1725 1422 1953 1491 homini,
1982 1423 2101 1501 qui-
2132 1429 2167 1484 2

176 1529 406 1588 cunque
433 1510 522 1577 sit,
551 1511 627 1570 ob
653 1528 779 1568 eam
818 1509 1002 1587 ipsam
1029 1527 1278 1579 eausam,
1305 1509 1462 1588 quod
1488 1511 1537 1570 is
1562 1510 1735 1570 homo
1762 1511 1851 1581 ait,
1880 1513 2103 1572 consul-

175 1606 304 1658 tum
334 1599 487 1668 velit,
515 1618 746 1658 neeesse
786 1607 876 1658 est
913 1599 1228 1658 seeundum
1271 1600 1510 1660 eandem
1551 1609 1815 1660 naturam
1853 1603 2105 1662 omnium

175 1689 482 1748 utilitatem
509 1708 634 1748 esse
662 1708 1034 1748 communem.
1105 1689 1276 1759 Quod
1306 1690 1355 1748 si
1378 1690 1461 1750 ita
1486 1698 1590 1759 est,
1613 1709 1727 1750 una
1754 1693 2104 1752 continemur
2131 1699 2167 1752 3

175 1798 378 1838 omnes
405 1785 471 1842 et.
499 1779 700 1840 eadem
739 1779 870 1858 lege
907 1787 1166 1838 naturae:
1207 1779 1381 1857 idque
1422 1780 1611 1859 ipsum
1638 1781 1687 1839 si
1709 1781 1791 1840 ita
1816 1789 1923 1851 est,
1952 1789 2105 1843 certe

173 1869 389 1928 violare
415 1869 658 1928 alterum
685 1876 902 1928 naturae
933 1869 1060 1949 lege
1087 1869 1471 1948 prohibemur.
1540 1871 1759 1930 Verum
1778 1878 1971 1930 autem
1992 1872 2103 1950 pri-

173 1979 356 2027 mum,
377 1978 574 2018 verum
601 1959 776 2038 igitur
795 1966 1124 2018 extremum.
1187 1959 1249 2018 N
1248 1978 1343 2017 am
1368 1959 1511 2017 illud
1538 1959 1767 2037 quidem
1792 1961 2104 2019 absurdum
2130 1965 2169 2018 4

173 2056 282 2119 est,
301 2049 460 2127 quod
479 2049 714 2128 quidam
741 2048 956 2119 dicunt,
975 2049 1196 2129 parenti
1215 2067 1277 2107 se
1298 2053 1399 2107 aut
1417 2048 1578 2107 fratri
1596 2049 1733 2107 nihil
1753 2048 2105 2109 detracturos

150 2140 266 2219 ..sui
291 2140 576 2199 commodi
603 2158 807 2209 eausa3
847 2140 1014 2198 aliam
1041 2140 1317 2199 rationem
1342 2157 1467 2198 ease
1500 2138 1703 2197 civium
1742 2139 2100 2217 reliquorum.

174 2229 258 2287 Hi
303 2228 412 2287 sibi
457 2230 595 2289 nihil
643 2229 804 2309 juris,
853 2230 1070 2288 nullam
1117 2229 1445 2287 societatem
1492 2228 1801 2293 eommunis
1852 2228 2105 2287 utilitatis
2131 2238 2169 2290 5

175 2338 354 2378 eausa
379 2326 638 2378 statuunt
664 2339 788 2380 esse
827 2340 961 2379 eum
1003 2320 1253 2389 civibu33
1295 2338 1427 2396 quae
1461 2318 1739 2377 sententia
1764 2332 1989 2377 omnem
2015 2338 2105 2377 so-

176 2409 444 2469 cietatem
487 2409 747 2468 distrahit
790 2409 1044 2469 civitatis,
1128 2410 1239 2479 Qui
1266 2416 1460 2467 autem
1486 2408 1690 2467 civium
1715 2408 1994 2467 rationem
2020 2408 2101 2467 di-
2132 2415 2169 2469 6

175 2506 318 2558 eunt
359 2499 697 2568 habendam,
725 2506 1090 2559 externorum
1131 2505 1361 2578 negant,
1388 2499 1427 2557 ii
1452 2498 1721 2557 dirimunt
1748 2517 2107 2559 communem

22 2574 25 2580 ¹
109 2664 116 2669 .
141 2656 156 2665 ‚
172 2589 411 2649 humani
435 2590 658 2669 generis
683 2588 1040 2658 societatem3
1080 2607 1194 2666 qua
1219 2588 1463 2658 sublata,
1492 2588 1875 2657 beneficentia,
1888 2590 2103 2648 'libera-

173 2680 325 2748 litas,
372 2679 612 2747 bonitaS‚
657 2679 876 2758 justitia
920 2678 1178 2739 funditus
1223 2678 1457 2737 tollitur.
1540 2679 1686 2748 Quae
1730 2679 1831 2755 qui
1880 2678 2103 2747 tollunt,

173 2770 352 2827 etiam
371 2768 644 2828 adversus
671 2769 810 2827 deos
836 2768 1180 2827 immortales
1205 2768 1364 2846 impii
1384 2768 1677 2846 judicandi
1704 2773 1853 2826 sunt.
1910 2767 2011 2825 Ab
2038 2768 2103 2825 iis
2133 2768 2167 2827 ’1

175 2859 327 2917 enim
357 2859 722 2917 constitutam
746 2859 892 2917 inter
927 2857 1186 2917 homines
1229 2858 1557 2917 societatem
1602 2863 1897 2916 evertunt:
1941 2856 2106 2933 cujus

173 2947 462 3007 societatis
487 2948 832 3007 artissimum
855 2948 1141 3007 vinculum
1167 2953 1276 3016 est,
1303 2946 1485 3025 magis
1525 2946 1783 3005 arbitrari
1822 2958 1946 3003 esse
1974 2964 2104 3004 eon-

173 3045 266 3095 tra
290 3044 574 3105 naturam,
602 3038 887 3097 hominem
911 3034 1124 3097 homini
1163 3037 1461 3095 detrahere
1489 3035 1577 3093 sui
1602 3033 1886 3094 commodi
1912 3052 2101 3103 eausa,
2136 3034 2139 3037 ’

174 3146 351 3206 quam
379 3128 568 3186 omnia
591 3127 950 3187 incommoda
989 3127 1178 3195 subire
1203 3126 1296 3185 vel
1323 3131 1570 3193 externa,
1598 3124 1691 3183 vel
1716 3123 1983 3203 eorporiS,
2010 3124 2101 3184 vel

175 3218 350 3276 etiam
385 3217 566 3295 ipsius
608 3216 793 3285 animi,
833 3236 964 3295 quae
1007 3223 1212 3276 vacent
1249 3214 1537 3294 injustitia.
1618 3213 1763 3273 Haee
1802 3214 1951 3273 enim
1989 3233 2105 3303 una
2133 3222 2171 3274 8

175 3307 355 3365 virtus
383 3306 634 3365 omnium
659 3314 748 3365 est
774 3306 1000 3365 domina
1020 3313 1079 3365 et
1104 3306 1299 3385 regina
1318 3304 1605 3364 virtutum.
1668 3305 1929 3364 Forsitan
1953 3305 2103 3383 quis-

177 3396 331 3475 piam
359 3396 593 3453 dixerit:
635 3395 838 3454 Nonne
863 3396 1040 3475 igitur
1065 3396 1303 3474 sapiens,
1332 3396 1381 3453 si
1404 3396 1557 3453 fame
1594 3396 1717 3473 ipse
1757 3396 2103 3463 conficiatur,

179 3485 477 3544 abstulerit
503 3485 695 3544 eibum
721 3486 900 3554 alteri,
916 3486 1127 3544 homini
1153 3486 1230 3544 ad
1256 3485 1470 3545 nullam
1494 3504 1617 3543 rem
1642 3485 1815 3543 utili?
1876 3484 2105 3542 Minime

177 3594 330 3637 vero.
412 3575 548 3633 Non
576 3576 724 3635 enim
749 3576 888 3635 mihi
914 3582 1001 3633 est
1027 3576 1148 3635 vitoe
1169 3594 1299 3634 mea
1336 3576 1540 3643 utilior,
1569 3594 1741 3653 quam
1780 3574 1954 3632 animi
1974 3572 2103 3630 talis
2132 3577 2167 3629 9

180 3665 422 3735 affeetiO,
451 3665 732 3724 neminem
757 3672 825 3724 ut
851 3665 1056 3725 violem
1095 3666 1376 3725 commodi
1401 3665 1511 3724 mei
1536 3666 1737 3744 gratia.
1818 3662 2013 3733 Quid?
2054 3661 2103 3721 si
