2484 4175
894 286 1069 329 mna
1092 288 1143 329 1..
1216 287 1354 331 oar.
1381 288 1570 331 xxv11.
2175 276 2253 333 86

196 432 305 475 nos
354 432 635 495 geramus
686 416 1059 477 summissius.
1150 416 1450 482 Panaetius
1501 417 1746 497 qm‘dem‘
1787 418 2147 491 Africanum,
2173 426 2214 485 ⁵

196 504 521 565 auditorem
548 512 611 587 et
634 505 969 566 familiarem
1006 526 1197 577 suum,
1224 508 1460 571 solitum
1497 510 1580 571 ait
1615 509 1828 581 dicere,
1850 516 1920 571 ut
1949 528 2148 589 equos,

198 603 439 674 propter
456 578 689 657 crebras
704 597 1092 657 contentiones
1112 598 1448 677 proeliorum
1466 600 1762 661 ferocitate
1775 600 2146 671 exsultantes,

199 686 579 747 domitoribus
623 686 850 747 tradere
888 688 1129 758 soleant,
1156 696 1225 749 ut
1251 689 1341 749 his
1377 690 1724 751 facilioribus
1762 691 1986 771 possint
2021 691 2110 751 uti

198 776 281 835 sic
324 776 591 837 homines
634 777 903 839 secundis
948 780 1123 841 rebus
1168 779 1474 841 effrenatos
1519 780 1740 860 sibique
1779 780 2150 861 praefidentes

198 872 501 945 tamquam
537 867 599 927 in
636 886 853 947 gyrum
890 868 1125 929 rationis
1166 875 1229 931 et
1269 869 1546 931 doctrinae
1587 869 1722 931 duci
1759 878 2045 950 oportere,
2079 877 2150 931 ut

198 958 592 1036 perspicerent
614 976 809 1017 rerum
832 958 1213 1022 humanarum
1234 960 1686 1025 imbecillitatem
1701 961 2149 1039 varietatemque

196 1047 469 1107 fortunae.
551 1047 751 1127 Atque
790 1047 963 1109 etiam
1002 1049 1067 1109 in
1105 1050 1540 1113 secundissimis·
1562 1050 1736 1111 rebus
1773 1051 2020 1113 maxime
2057 1055 2150 1111 est
2173 1054 2212 1111 ο

198 1137 485 1197 utendum
510 1138 743 1205 consilio
762 1138 1097 1209 amicorum,
1124 1140 1330 1218 hisque
1363 1141 1552 1219 major
1573 1140 1768 1210 etiam,
1793 1158 1970 1217 quam
1993 1146 2146 1209 ante,

199 1227 509 1289 tribuenda
532 1228 859 1290 auctoritas.
938 1229 1270 1309 Iisdemque
1295 1228 1654 1309 temporibus
1687 1228 2012 1289 cavendum
2037 1234 2146 1299 est,
2175 1227 2214 1289 Ἰ

200 1336 275 1377 ne
298 1318 749 1379 assentatoribus
774 1318 1187 1397 patefaciamus
1212 1336 1402 1389 aures,
1427 1338 1574 1381 neve
1611 1318 1834 1379 adulari
1871 1336 1978 1379 nos
2003 1318 2150 1378 sina·

199 1426 369 1467 mus:
410 1408 473 1466 in
498 1426 613 1487 quo
636 1408 760 1469 falli
784 1408 951 1471 facile
977 1416 1084 1475 est.
1164 1410 1336 1471 Tales
1375 1408 1530 1469 enim
1563 1426 1670 1469 nos
1701 1427 1830 1469 esse
1855 1415 2148 1488 putamus,

200 1504 271 1557 ut
286 1498 425 1577 jure
449 1497 772 1559 laudemur.
840 1500 933 1559 Ex
956 1514 1075 1578 quo
1094 1506 1410 1561 nascuntur
1435 1498 1864 1561 innumerabilia
1889 1504 2150 1580 peccata,

201 1608 337 1649 cum
388 1587 649 1650 homines
694 1588 878 1649 inflati
924 1589 1282 1669 opinionibus
1329 1590 1574 1671 turpiter
1615 1589 1938 1662 irridentur,
1985 1596 2048 1651 et
2089 1589 2152 1653 in

202 1677 469 1739 maximis
493 1685 795 1753 versantur
820 1679 1125 1742 erroribus.

279 1856 407 1919 Sed
453 1856 587 1917 haec
632 1858 863 1937 quidem
907 1859 1203 1921 hactenus.
1284 1858 1441 1919 Illud
1483 1867 1682 1923 autem
1727 1860 1809 1921 sic
1855 1866 1948 1921 est
1991 1857 2149 1939 judi·
2175 1865 2216 1923 8

206 1948 2152 2031 candum,maximasgeriresetmaximianimiabiis,quires

204 2040 469 2120 publicas
502 2045 725 2120 regant,
754 2040 912 2120 quod
950 2058 1149 2102 earum
1186 2038 1600 2102 administratio
1640 2038 1913 2100 latissime
1954 2042 2153 2118 pateat

204 2131 281 2192 ad
307 2132 701 2210 plurimosque
728 2131 1025 2210 pertineat.
1090 2131 1237 2190 Esse
1261 2138 1460 2194 autem
1483 2128 1680 2210 magni
1702 2128 1872 2188 animi
1889 2135 1953 2188 et
1975 2127 2151 2188 fuisse
2177 2133 2215 2190 0

204 2223 421 2284 multos
448 2222 623 2285 etiam
646 2221 707 2280 in
730 2221 849 2284 vita
882 2220 1083 2290 otiosa,
1110 2221 1213 2299 qui
1249 2228 1354 2282 aut
1389 2220 1798 2300 investigarent
1837 2224 1942 2279 aut
1981 2237 2150 2280 cona-

202 2319 405 2372 rentur
440 2330 659 2392 magna
694 2310 985 2390 quaedam,
1014 2329 1254 2390 seseque
1296 2329 1528 2372 suarum
1568 2329 1762 2370 rerum
1785 2308 1994 2370 finibus
2017 2327 2152 2370 con-

206 2403 491 2473 tinerent;
530 2409 633 2464 aut
656 2401 939 2481 interjecti
960 2401 1110 2460 inter
1135 2401 1512 2480 philosophos
1537 2408 1601 2462 et
1625 2419 1742 2470 eos,
1772 2400 1872 2478 qui
1895 2419 2020 2460 rem
2044 2417 2152 2480 pu·

204 2493 419 2554 blicam
465 2491 938 2561 administrarent,
986 2491 1410 2552 delectarentur
1453 2509 1518 2550 re
1563 2509 1670 2553 sua
1713 2490 1992 2576 familiari,
2037 2507 2154 2552 non

204 2603 339 2644 eam
377 2583 615 2662 quidem
654 2582 811 2642 omni
846 2581 1067 2642 ratione
1104 2588 1540 2662 exaggerantes,
1565 2599 1754 2660 neque
1785 2581 2154 2642 excludentes

206 2675 281 2734 ab
329 2675 462 2754 ejus
506 2693 619 2734 usu
663 2692 817 2743 suos,
860 2672 1164 2752 potiusque
1210 2679 1272 2732 et
1309 2671 1504 2731 amicis
1548 2671 1938 2751 impertientes
1973 2677 2036 2730 et
2071 2669 2155 2729 rei

210 2765 481 2842 publicae,
522 2764 573 2824 si
612 2763 844 2842 quando
884 2782 1027 2822 usus
1068 2768 1236 2822 esset.
1318 2763 1466 2833 Qum
1508 2761 1758 2841 primum
1799 2763 1944 2822 bene
1986 2765 2154 2838 parta
2184 2763 2259 2820 10

210 2854 301 2922 sit,
350 2855 511 2914 nullo
554 2872 745 2932 neque
788 2852 947 2931 turpi
992 2860 1246 2931 quaestu,
1291 2871 1480 2932 neque
1523 2851 1760 2912 odioso:
1807 2858 1936 2913 tum
1979 2867 2156 2926 quam

212 2943 490 3022 plurimis,
516 2944 693 3004 modo
730 2943 940 3023 dignis,
968 2961 1033 3002 se
1059 2942 1259 3002 utilem
1298 2942 1594 3022 praebeat:
1636 2939 1844 3000 deinde
1875 2943 2155 3016 augeatur

210 3032 451 3101 ratione,
471 3033 781 3112 diligentia,
801 3031 1161 3113 parsimonia,
1188 3051 1296 3092 nec
1323 3030 1539 3094 libidini
1564 3029 1758 3109 potius
1783 3026 2154 3105 luxuriaeque,

210 3142 389 3202 quam
430 3121 755 3184 liberalitati
792 3130 854 3184 et
890 3122 1280 3183 beneficentiae
1323 3128 1542 3201 pareat.
1623 3119 1774 3180 Haec
1815 3117 2156 3199 praescripta
2185 3124 2256 3178 11
2367 3196 2380 3220 ἱ

212 3218 539 3272 servantem
564 3212 697 3272 licet
720 3212 1039 3292 magnifice,
1066 3212 1318 3292 graviter
1355 3211 1718 3288 animoseque
1744 3208 1952 3281 vivere,
1979 3216 2154 3288 atque

214 3303 389 3364 etiam
411 3301 761 3382 simpliciter,
786 3302 1045 3373 fideliter,
1073 3301 1211 3362 vitae
1236 3301 1534 3362 hominum
1557 3300 1756 3362 amice.

292 3483 549 3545 XXVII.
594 3483 883 3564 Sequitur,
911 3490 981 3544 ut
1005 3485 1081 3544 de
1106 3502 1223 3544 una
1261 3483 1482 3562 reliqua
1517 3489 1685 3562 parte
1722 3479 2034 3542 honestatis
2071 3479 2156 3542 di-

224 3573 597 3636 cendumsit:
625 3574 1450 3654 inquaverecundia,et
1473 3573 1638 3652 quasi
1661 3573 1896 3651 quidam
1921 3575 2158 3630 ornatus

222 3662 372 3736 vitm,
420 3663 963 3744 temperantia
1008 3671 1085 3724 et
1128 3663 1560 3732 modestia,
1599 3661 1896 3738 omnisque
1935 3655 2158 3720 sedatio
