2484 4175
209 0 516 93 λωμμ,
551 3 898 64 “stubam
945 31 1034 60 «ψ
1077 0 1186 86 μαι
1225 0 1480 50 ,ευ-μυ,
1532 0 1925 47 &W

205 282 286 342 44
525 289 528 294 '
1039 300 1116 342 nn
1146 301 1403 342 ornans

245 438 282 491 5
311 449 444 490 nere
471 429 620 500 vitoe,
647 431 770 510 sed,
787 436 1008 492 naturae
1045 431 1245 510 mag-is,
1328 430 1515 489 Multo
1540 429 1690 490 enim
1726 437 1787 490 et
1824 430 2037 490 firmior
2062 437 2152 490 est
2182 437 2252 490 et

311 521 656 578 constantior
673 506 819 579 :Mut'
834 500 1062 579 i'ortuna
1087 539 1492 599 nonnunquam
1528 521 1669 598 ipsa,
1698 520 1949 579 mortalis
1976 541 2108 578 cum
2132 521 2249 580 im-

245 615 282 669 6
309 609 532 669 mortali
557 616 762 671 natura
789 629 1046 689 pugnare
1073 611 1349 669 videatur.
1432 610 1545 680 Qui
1570 610 1743 689 igitur
1768 610 1846 669 ad
1870 616 2251 757 natuzffitsuae

309 718 424 758 non
469 699 686 775 vitiosae
781 719 920 758 enus
973 700 1268 760 consilium
1319 699 1547 759 vivendi
1600 719 1767 758 omne
1820 688 2015 758 centul
2047 693 2097 757 h
2123 742 2139 768 ,
2192 700 2249 758 is

310 778 682 848 constantiam
724 720 917 848 tifieat
958 788 1042 869 (id
1077 791 1228 848 enim
1255 790 1501 848 maxime
1526 761 1853 868 decet)*nisi
1891 790 2037 847 forte
2061 807 2127 846 se
2152 789 2248 848 in-

247 877 280 936 ’1
309 878 588 938 tellcxerit
613 897 828 938 errasse
863 879 922 937 in
947 878 1251 959 deligendo
1279 897 1487 958 genere
1512 879 1663 937 vitae.
1745 879 1916 948 Quod
1942 879 1990 936 si
2016 879 2245 936 accide-

307 967 380 1026 rit
407 966 624 1048 (potest
648 975 842 1028 autem
869 968 1152 1047 accidere)
1177 969 1439 1028 facienda
1474 987 1701 1027 morum
1738 967 2247 1046 institutorumque

243 1064 278 1116 8
307 1059 548 1119 mutatio
575 1065 678 1118 est.
746 1059 894 1118 Eam
919 1059 1385 1128 mutationem,‘'si
1409 1065 1672 1136 tempora
1698 1058 2071 1137 adjuvabunt,
2098 1058 2261 1119 facie,

306 1148 415 1207 lius
441 1149 906 1228 commodiusque
931 1150 1224 1209 faciemus
1306 1149 1408 1208 Sin
1432 1149 1649 1218 minus3
1692 1149 1901 1206 sensim
1928 1148 2034 1206 erit
2059 1139 2281 1225 pede-‘2

310 1240 625 1319 tentimque
669 1240 961 1299 facienda:
1004 1245 1071 1299 ut
1107 1237 1399 1308 amicitiae,
1441 1257 1573 1317 quae
1617 1238 1805 1296 minus
1845 1237 2133 1296 delectent
2176 1245 2246 1296 et

305 1329 492 1388 minus
519 1330 847 1408 probentur,
875 1329 1058 1410 magis
1085 1329 1289 1388 decere
1316 1334 1550 1387 censent
1576 1328 1861 1406 sapientes
1886 1327 2095 1386 sensim
2122 1326 2245 1384 dis-

243 1423 278 1476 9
309 1437 488 1488 suere,
517 1437 690 1496 quam
729 1425 965 1496 repente
1005 1417 1331 1496 praecidere.
1414 1419 1781 1476 Commutato
1807 1425 2000 1476 autem
2027 1435 2247 1496 genere

304 1508 454 1576 vitae,
482 1508 636 1566 omni
673 1508 891 1566 ratione
931 1507 1249 1566 curandum
1284 1514 1391 1577 est,
1419 1515 1487 1566 ut
1513 1508 1575 1566 id
1600 1508 1753 1568 bono
1778 1507 2009 1567 consilio
2035 1507 2247 1566 fecisse

305 1597 618 1655 videamur.
1804 1593 1807 1596 ’

205 1691 278 1744 10
385 1686 504 1744 Sed
543 1684 807 1764 quoniam
846 1685 1020 1764 paulo
1061 1692 1194 1745 ante
1230 1686 1449 1746 dictum
1490 1695 1595 1758 est,
1630 1687 1931 1747 imitandos
1964 1706 2089 1746 esse
2116 1706 2244 1746 ma-

299 1776 472 1854 joreS,
515 1775 764 1854 primum
811 1775 955 1834 illud
1003 1783 1310 1854 exceptum
1356 1778 1446 1848 sit,
1486 1799 1561 1838 ne
1606 1779 1743 1837 vitia
1788 1779 1901 1836 sint
1944 1777 2242 1837 imitanda.

205 1871 274 1925 11
307 1865 543 1934 Deinde,
559 1865 622 1924 ἐἰ
658 1873 864 1924 natura
902 1872 1016 1924 n'on
1055 1866 1218 1936 feret,
1247 1874 1315 1925 ut
1341 1867 1607 1946 quaedam
1642 1868 1847 1927 imitari
1886 1868 2099 1947 possit;
2142 1867 2245 1946 (ut

305 1955 608 2034 superioris
638 1931 1098 2040 Africanisiil'ius,
1128 1957 1227 2035 qui
1267 1957 1420 2016 hunc
1448 1959 1655 2017 Paullo
1689 1965 1892 2016 natum
1919 1957 2242 2037 adoptavit,

307 2052 542 2126 propter
565 2046 946 2107 infirmitatem
972 2047 1313 2107 valetudinis
1338 2067 1455 2108 non
1478 2055 1600 2107 tam
1625 2048 1813 2127 potuit
1838 2048 2019 2128 patris
2044 2047 2245 2109 similis

206 2140 277 2195 12
307 2154 449 2207 esse,
478 2158 652 2216 quam
695 2138 790 2198 ille
830 2139 1020 2196 fuerat
1059 2137 1172 2217 sui)
1210 2138 1259 2197 si
1296 2140 1473 2218 igitur
1505 2158 1620 2197 non
1655 2139 1864 2218 poterit
1890 2139 2007 2197 sive
2034 2156 2245 2197 causas

307 2226 664 2297 defensitare,
695 2228 812 2286 sive
852 2228 1132 2306 populum
1173 2230 1533 2288 concionibus
1573 2235 1785 2297 tenere,
1814 2229 1931 2287 sive
1958 2228 2110 2289 bella
2136 2247 2241 2307 ge·

303 2335 459 2375 rere:
501 2317 598 2375 illa
632 2323 825 2374 tamen
863 2322 1138 2393 praestare
1179 2317 1429 2386 debebit,
1459 2336 1590 2394 quae
1627 2325 1794 2377 erunt
1832 2319 1891 2376 in
1928 2317 2105 2396 ipsius
2132 2338 2240 2398 po-

306 2412 530 2487 testate,
554 2404 849 2486 justitiam,
872 2404 1064 2473 fidem,
1092 2405 1504 2474 liberalitatem,
1526 2407 1884 2477 modestiam,
1912 2415 2239 2486 temperan-

206 2502 276 2554 13
305 2480 606 2573 ιὶαω,“(1ιὶο
646 2489 833 2552 minus
871 2495 948 2553 ab
988 2512 1057 2553 eo
1099 2495 1176 2564 id,
1203 2497 1362 2573 quod
1389 2496 1553 2576 desit,
1583 2498 1917 2575 requiratur.
2001 2498 2240 2577 Optima

305 2590 498 2643 autem
524 2584 809 2641 hereditas
835 2603 873 2641 a
898 2585 1155 2661 patribus
1180 2586 1425 2644 traditur
1450 2585 1657 2654 liberis,
1680 2588 1945 2666 omnique
1964 2588 2235 2666 patrimo-

304 2674 398 2733 nio
437 2672 812 2751 praestantior,
855 2672 1036 2753 gloria
1061 2674 1285 2733 virtutis
1311 2694 1615 2754 rerumque
1642 2684 1973 2755 gestarum:
2014 2677 2107 2737 cui
2134 2678 2210 2737 de

306 2763 498 2823 decori
523 2782 665 2833 esse,
693 2764 852 2823 nefas
877 2770 940 2823 et
963 2763 1201 2843 impium
1223 2764 1603 2844 judicandum
1628 2772 1737 2825 est.

383 2944 655 3027 m.
683 2944 761 3005 Et
787 2944 1056 3023 quoniam
1081 2945 1265 3005 officia
1290 2966 1405 3005 non
1430 2947 1632 3006 eadem
1658 2946 1979 3025 disparibus
2006 2947 2235 3006 aetati-

305 3036 434 3095 bus
459 3021 802 3103 tribuuntur,
825 3036 1046 3114 aliaque
1073 3042 1206 3095 sunt
1226 3037 1521 3115 juvenum,
1543 3036 1653 3095 alia
1672 3037 1985 3096 seniorum:
2020 3036 2235 3115 aliquid
2286 3080 2289 3083 -

243 3132 278 3183 2
307 3125 478 3183 etiam
497 3125 572 3183 de
591 3126 698 3184 hac
719 3126 1076 3185 distinctione
1095 3126 1401 3185 dicendum
1423 3134 1527 3186 est.
1582 3127 1690 3184 Est
1716 3126 1887 3205 igitur
1906 3126 2234 3186 adolescen-

309 3214 394 3281 tis,
419 3214 664 3290 majores
703 3222 844 3272 natu
869 3216 1063 3283 vereri,
1093 3235 1277 3293 exque
1316 3216 1405 3274 his
1432 3215 1684 3294 deligere
1720 3216 1899 3308 optim
2001 3223 2061 3274 et
2099 3237 2235 3295 pro-

305 3302 639 3369 batissimos,
665 3321 908 3379 quorum
931 3304 1160 3386 consilio
1181 3312 1354 3384 atque
1374 3306 1711 3364 auctoritate
1737 3236 1965 3364 nitate?
2023 3307 2233 3365 Ineun-

305 3392 380 3450 tis
406 3391 555 3449 enim
583 3392 765 3449 aetatis
792 3392 1010 3450 inscitia
1047 3412 1249 3452 senum
1286 3395 1680 3454 constituenda
1720 3402 1780 3453 et
1818 3396 2070 3474 regenda
2096 3416 2231 3477 pru-
2266 3442 2283 3477 ..¹

243 3488 280 3541 8
311 3481 500 3540 dentia
542 3486 647 3539 est.
727 3480 974 3539 Maxime
1014 3487 1208 3541 autem
1248 3483 1373 3543 haec
1410 3491 1551 3542 aetas
1576 3504 1613 3541 a
1638 3484 1960 3543 libidinibus
1986 3482 2235 3543 arc'enda

307 3577 412 3640 est,
454 3570 882 3648 exercendaque
923 3570 984 3628 in
1028 3571 1222 3629 labore
1269 3572 1652 3651 patientiaque
1692 3580 1752 3633 et
1796 3573 1970 3631 animi
2007 3580 2067 3631 et
2106 3592 2231 3632 cor-

302 3661 495 3741 poris;
534 3669 602 3721 ut
639 3680 838 3721 eorum
875 3666 936 3719 et
979 3660 1040 3720 in
1083 3660 1297 3721 bellicis
1332 3668 1393 3721 et
1428 3662 1489 3721 in
1530 3663 1785 3724 civilibus
1822 3664 2017 3725 officiis
2040 3663 2231 3745 vigeat
