2484 4175
195 261 266 316 12
282 317 334 364 ³2
371 339 380 352 '
1018 276 1096 316 nn
1138 273 1393 316 ormena

291 387 645 466 nobilitatum
701 423 814 464 non
865 405 956 474 sit,
999 412 1191 464 tamen
1245 404 1550 462 honestum
1598 410 1721 473 est;
1778 405 2049 484 quodque
2088 425 2229 466 vere

291 495 549 564 dicimus,
579 496 800 555 etiamsi
825 515 862 554 a
887 497 1048 555 nullo
1073 495 1356 563 laudetur,
1386 500 1589 552 natura
1616 513 1742 554 esse
1768 495 2052 556 laudabile

369 677 444 737 V.
485 677 754 735 Formam
779 676 1012 754 quidem
1037 676 1238 753 ipsam,
1269 674 1465 733 Marce
1492 674 1587 743 fili,
1612 682 1671 734 et
1698 682 1991 754 tamquam
2007 615 2456 736 Δῗῖοἰᾶιᾼιΐίωῶ

288 766 511 826 honesti
549 767 742 826 vides:
785 785 936 843 quae,
981 765 1029 824 si
1068 765 1247 824 oculis
1286 771 1628 834 cerneretur,
1656 765 1939 826 mirabiles
1978 786 2223 836 amores,

225 863 260 915 2
288 864 356 915 ut
407 857 492 916 ait
540 855 728 924 Plato,
777 856 1055 940 excitaret
1105 854 1420 958 sapientizg.
1504 854 1623 914 Sed
1672 874 1888 952 omne&
1910 857 2069 940 quod
2134 865 2227 916 est

288 945 697 1038 honffitum‚,id
737 921 1487 1037 quasitfflaissiumgoffltqr
1524 963 1599 1040 effi
1636 921 1914 1040 diffini?
1920 948 2047 1006 Aut
2074 949 2229 1006 enim

287 1035 348 1094 in
384 1035 784 1116 perspicientia
822 1035 941 1094 veri
980 1020 1343 1113 sollertiaque
1381 1010 1689 1095 4335th
1714 1044 1817 1095 aut
1842 1035 1901 1095 in
1927 1038 2227 1096 hominum

287 1128 556 1186 societate
593 1126 826 1196 tuenda,
855 1125 1275 1204 tribuendoque
1314 1145 1483 1185 suum
1521 1126 1743 1204 cuique,
1772 1134 1833 1185 et
1856 1146 2048 1185 rerum
2088 1146 2221 1186 con-

287 1217 772 1299 tractarumfidess
815 1225 918 1276 aut
943 1217 1002 1275 in
1041 1216 1214 1275 animi
1240 1216 1451 1276 excelsi
1490 1223 1663 1296 atque
1702 1217 1895 1278 invicti
1936 1218 2222 1296 magnitu-

287 1308 418 1368 dine
457 1329 524 1367 ac
534 1292 786 1367 ss‘r‘obore':
827 1313 932 1366 aut
956 1307 1014 1364 in
1041 1307 1311 1375 omnium,
1339 1325 1470 1384 quae
1494 1307 1913 1400 fiuntffique.
1936 1307 2219 1386 dicuntur,

222 1405 258 1456 3
287 1399 480 1456 ordine
509 1405 570 1456 et
594 1398 787 1467 modo,
805 1398 866 1454 in
889 1416 1004 1474 quo
1029 1397 1175 1456 inest
1200 1396 1483 1454 modestia
1507 1403 1566 1455 et
1604 1387 1997 1474 temperentia.
2078 1397 2223 1468 Quae

287 1494 557 1566 quattuor
597 1505 947 1564 quamquam
972 1487 1120 1544 inter
1147 1505 1209 1544 se
1237 1487 1509 1566 colligata
1548 1493 1721 1564 atque
1748 1488 2037 1565 implicata
2064 1494 2221 1556 sunt,

285 1565 480 1636 tamen
507 1595 579 1636 ex
603 1575 839 1656 singulis
867 1583 1024 1634 certa
1051 1575 1363 1634 officiorum
1402 1595 1613 1654 genera
1638 1585 1961 1636 nascuntur.
2042 1577 2227 1636 Velut

197 1654 202 1662 ’
290 1685 366 1726 ex
403 1685 472 1726 ea
503 1673 684 1744 parte,
713 1685 846 1744 quae
875 1665 1060 1744 prima
1099 1665 1285 1730 descri
1325 1671 1387 1723 ta
1408 1673 1530 1742 pest,
1557 1667 1615 1725 in
1651 1685 1765 1744 qua
1802 1667 2135 1745 sapientiam
2162 1674 2225 1726 et

288 1757 651 1836 prudentiam
703 1755 982 1834 ponimuS,
1023 1756 1172 1814 inest
1207 1738 1279 1815 iii
1317 1737 1509 1835 agatio
1557 1763 1729 1836 atque
1782 1757 2029 1816 inventio
2068 1758 2223 1825 veri;

219 1851 258 1906 4
285 1847 525 1926 ejusque
551 1847 774 1906 virtutis
801 1847 910 1910 hoc
937 1865 1146 1905 munus
1173 1853 1265 1904 est
1290 1845 1601 1924 proprium.
1683 1846 1769 1904 Ut
1808 1847 1957 1906 enim
1982 1847 2225 1925 quisque

283 1937 528 1996 maxime
567 1936 856 2015 perspicit,
884 1937 1024 2015 quid
1063 1937 1122 1996 in
1147 1955 1211 1995 re
1250 1955 1477 2014 quaque
1514 1936 1867 1995 verissimum
1890 1937 1982 2005 sit,
2011 1937 2226 2014 quique

285 2027 604 2088 acutissime
626 2033 686 2087 et
702 2028 990 2088 celerrime
1010 2035 1204 2109 potest
1227 2034 1289 2088 et
1315 2028 1509 2087 videre
1531 2034 1589 2087 et
1610 2027 1891 2106 explicare
1910 2028 2189 2088 rationem
2209 2047 2227 2099 ;

222 2128 256 2181 5
283 2119 334 2178 is
372 2119 842 2206 prudentissimus
869 2127 930 2179 et
955 2120 1407 2199 sapientissimus
1434 2120 1540 2178 rite
1580 2120 1781 2180 haberi
1820 2120 1981 2180 solet.
2064 2120 2216 2190 Quo·

285 2210 433 2269 circa
470 2207 625 2279 huic,
638 2212 645 2219 “
659 2211 822 2289 quasi
855 2211 1110 2279 materia,
1139 2230 1315 2289 quam
1358 2216 1565 2269 tractet
1604 2217 1663 2268 et
1701 2210 1761 2269 in
1798 2230 1914 2288 qua
1948 2219 2227 2281 versetur,

285 2300 546 2378 subjecta
571 2307 662 2367 est
687 2300 910 2368 veritas,
979 2300 1234 2377 Reliquis
1262 2306 1457 2357 autem
1482 2299 1665 2358 tribus
1694 2299 2003 2361 virtutibus
2028 2320 2227 2371 neces-

285 2390 479 2448 sitates
520 2378 829 2466 prdpositae
873 2395 1006 2445 sunt
1033 2380 1110 2446 ad
1137 2408 1233 2446 eas
1260 2407 1351 2446 res
1378 2388 1663 2466 parandas
1689 2388 2065 2467 tuendasque,
2094 2388 2227 2468 q'u‘i-

285 2480 394 2540 bus
422 2479 571 2536 actio
597 2478 734 2535 vitae
783 2476 1135 2547 continetur3
1175 2486 1243 2537 ut
1272 2484 1331 2536 et
1358 2478 1603 2535 societas
1632 2476 1925 2536 hominum
1952 2469 2257 2559 conjunc?

285 2569 478 2646 tioque
505 2574 764 2625 servetur
781 2551 932 2643 {fiisa
940 2568 1469 2659 animijexcellentia
1508 2566 1978 2647 magnitudoque,
2005 2589 2138 2629 cum
2162 2570 2229 2631 in

287 2658 563 2739 augendis
603 2658 808 2736 opibus
835 2641 1287 2736 utilitatibusque
1327 2666 1387 2716 et
1413 2658 1523 2717 sibi
1562 2666 1623 2717 et
1661 2658 1777 2716 suis
1804 2660 2226 2738 comparandis,

221 2756 257 2809 6
287 2756 412 2809 tum
450 2748 630 2806 multo
669 2748 852 2827 magis
889 2748 948 2805 in
985 2748 1075 2806 his
1114 2749 1253 2827 ipsis
1301 2747 1693 2827 despiciendis,
1736 2748 1975 2810 eluceat.
2057 2750 2224 2810 Ordo

285 2846 497 2907 autem,
525 2845 588 2897 et
613 2838 940 2907 constantia,
971 2845 1030 2897 et
1055 2838 1387 2907 moderatim
1418 2844 1477 2897 et
1498 2856 1583 2907 ea,
1612 2858 1743 2917 quae
1774 2846 1929 2919 §.unffi
1953 2838 2042 2897 his
2068 2840 2225 2899 simi-
2250 2898 2257 2905 ,
2283 2914 2293 2919 ,
2402 2850 2413 2914 ζ

285 2929 380 2997 lia,
419 2934 720 2987 versantur
771 2928 830 2987 in
868 2948 938 2988 eo
991 2948 1216 3025 genere,
1261 2930 1341 3013 ηιξ
1422 2928 1540 3007 uod
1578 2934 1669 2987 est
1706 2912 2031 2989 adhibenda
2068 2928 2246 2990 actio⁰

286 3020 575 3097 quaedam,
603 3037 718 3103 non
755 3019 938 3079 solum
966 3000 1170 3079 mgfi'f’ss
1185 2990 1354 3099 'agiis
1379 3018 1489 3078 161⁹·
1532 3018 1643 3077 His
1682 3018 1833 3078 enim
1868 3020 2059 3088 rebus,
2088 3038 2225 3099 quae

287 3116 605 3168 tractantur
641 3110 701 3168 in
737 3111 872 3180 vita,
900 3110 1136 3171 modum
1177 3110 1467 3189 quendam
1492 3116 1555 3169 et
1579 3108 1835 3171 ordinem
1860 3108 2221 3180 adhibentes,

285 3198 644 3260 honestatem
671 3206 731 3258 et
756 3201 932 3260 decus
959 3202 1432 3261 conservabimus
2244 3224 2251 3229 ·

265 3362 303 3408 ’ᾗ
367 3378 475 3438 VI.
503 3378 594 3437 Ex
611 3386 884 3456 quattuor
909 3386 1100 3438 autem
1119 3362 1277 3450 locis,
1306 3380 1364 3439 in
1382 3400 1527 3458 quos
1545 3378 1769 3439 honesti
1794 3384 2059 3439 naturam
2078 3379 2221 3439 vim·

287 3488 401 3546 que
442 3468 750 3535 divisimus,
779 3468 998 3547 primus
1038 3470 1148 3538 ille,
1179 3471 1279 3548 qui
1312 3472 1371 3529 in
1408 3470 1561 3530 veri
1622 3468 2043 3549 cognitione
2086 3488 2220 3529 con-

224 3564 262 3619 2
290 3558 453 3625 sistit,
501 3558 748 3617 maxime
787 3566 1049 3618 naturam
1095 3561 1329 3639 attingit
1371 3560 1700 3619 humanam.
1807 3558 2021 3617 Omnes
2066 3560 2221 3619 enim

289 3648 569 3708 trahimur
595 3656 656 3708 et
679 3648 943 3709 ducimur
967 3649 1044 3709 ad
1071 3650 1407 3729 cognitionis
1434 3656 1495 3709 et
1534 3648 1780 3708 scientiae
1827 3648 2219 3728 cupiditatem,
