2484 4175
241 269 320 330 ⁸4
1073 283 1152 326 nn
1191 279 1449 326 omem

277 413 313 476 ’1
421 413 702 492 Idemque
746 412 1028 492 praecipit,
1074 419 1144 472 ut
1189 431 1289 472 eos
1330 409 1689 472 adversarios
1733 411 2143 482 existimemus,
2182 411 2288 490 qui

341 523 500 564 arma
526 511 724 564 contra
749 505 972 573 foranu
999 523 1115 564 non
1133 522 1253 573 eos,
1273 502 1374 581 qui
1400 521 1507 562 suo
1529 501 1747 580 judicio
1772 502 1921 561 tucri
1944 521 2071 562 rem
2094 503 2281 582 publi·

341 613 468 654 cam
496 595 706 654 velint:
748 594 933 672 qualis
971 593 1082 654 fuit
1119 594 1268 654 inter
1304 593 1374 652 P.
1404 592 1761 662 Africanum,
1788 599 1847 652 et
1874 593 1945 664 Q„
1982 593 2288 653 Metellum

341 684 460 746 sine
487 685 798 746 acerbitate
825 684 1115 744 dissensio.

276 781 312 836 8
418 774 545 834 Nec
573 793 708 834 vero
735 774 1019 844 audiendi,
1048 773 1146 852 qui
1171 771 1425 852 graviter
1463 771 1697 832 inimicis
1722 771 2086 834 irascendum
2112 780 2287 852 puta-

339 865 502 933 bunt,
531 863 706 942 idque
743 863 1092 944 magnanimi
1115 870 1177 922 et
1201 863 1367 922 fortis
1394 862 1499 924 viri
1538 881 1667 922 esse
1710 864 2040 924 censebunt.
2123 864 2289 924 Nihil

339 954 490 1012 enim
515 954 872 1024 laudabilius,
893 954 1032 1016 nihil
1056 972 1273 1034 magno
1300 960 1361 1012 et
1385 953 1669 1033 praeclaro
1687 953 1809 1014 viro
1835 953 2061 1034 dignius
2089 954 2287 1033 placa-

277 1049 313 1105 9
341 1044 558 1105 bilitate
599 1052 774 1124 atque
809 1043 1128 1106 clementia.
1209 1045 1283 1104 Iu
1307 1043 1501 1104 liberis
1527 1062 1665 1103 vero
1702 1043 1931 1124 populis
1956 1050 2017 1103 et
2040 1044 2099 1102 in
2139 1045 2289 1123 juris

341 1135 727 1214 aequabilitate
769 1135 1090 1196 exercenda
1129 1134 1305 1196 ctiam
1342 1140 1433 1192 est
1468 1133 1709 1194 facilitas
1735 1141 1795 1194 ct
1820 1133 2065 1194 altitudo
2092 1134 2287 1204 animi,

338 1244 472 1303 quae
502 1225 747 1285 dicitur:
788 1245 880 1295 ne,
909 1226 959 1286 si
983 1225 1294 1286 irascamur
1320 1232 1423 1283 aut
1457 1223 1854 1304 intempestive
1880 1225 2291 1285 accedentibus

341 1322 442 1374 aut
468 1315 834 1394 impudenter
871 1315 1228 1394 rogantibus,
1257 1315 1317 1373 in
1341 1315 1737 1376 morositatem
1757 1313 2015 1374 inutilem
2038 1321 2100 1374 et
2124 1315 2288 1375 odio-

245 1409 312 1462 10
341 1424 465 1464 sam
485 1405 819 1464 incidamus.
882 1405 961 1462 Et
979 1412 1175 1462 tamen
1193 1405 1273 1462 ita
1292 1404 1591 1482 probanda
1608 1409 1697 1462 est
1714 1403 2094 1464 mansuetudo
2109 1412 2289 1482 atque

340 1493 654 1562 clementia,
702 1501 770 1552 ut
817 1494 1160 1552 adhibeatur
1197 1494 1283 1552 rei
1322 1493 1569 1572 publicae
1612 1511 1786 1552 causa
1814 1495 2121 1564 severitas,
2164 1496 2291 1554 sine

239 1589 308 1642 11
340 1601 456 1660 qua
492 1583 871 1642 administrari
909 1583 1106 1642 civitas
1144 1603 1261 1642 non
1300 1590 1509 1662 potest.
1518 1599 1546 1639 τ.
1593 1583 1793 1642 Omnis
1832 1591 2029 1644 autem
2066 1591 2129 1644 et
2166 1586 2265 1646 ani

337 1671 656 1732 madversio
697 1679 758 1730 et
798 1672 1096 1752 castigatio
1137 1674 1483 1733 contumelia
1506 1692 1710 1734 vacare
1746 1674 1952 1734 debet:
1992 1694 2181 1754 neque
2208 1675 2291 1735 ad

339 1761 392 1841 ej
399 1781 483 1831 ue,
505 1762 606 1840 qui
623 1763 858 1841 punitur
876 1763 1122 1843 aliquem
1143 1771 1246 1823 aut
1264 1764 1451 1824 verbis
1472 1765 1733 1843 castigat,
1756 1765 1859 1824 sed
1886 1765 1963 1824 ad
1988 1766 2071 1826 rei
2096 1766 2290 1845 publi·-

239 1857 310 1910 12
339 1871 422 1910 cae
449 1853 753 1912 utilitatem
789 1854 1000 1914 referri.
1087 1854 1421 1914 Cavendum
1448 1862 1537 1914 est
1562 1855 1752 1924 etiam,
1782 1873 1854 1914 nc
1878 1856 2066 1935 major
2104 1876 2293 1936 poena

340 1961 514 2020 quam
541 1943 714 2022 culpa
737 1944 830 2013 sit,
859 1951 921 2004 ct
947 1964 1020 2004 ne
1045 1944 1246 2004 iisdem
1270 1945 1349 2004 ’de
1377 1945 1561 2004 causis
1588 1945 1681 2004 alii
1719 1946 2059 2023 plectantur,
2090 1947 2187 2006 alii
2211 1967 2291 2007 ne

339 2034 704 2113 appellentur
743 2035 992 2114 quidem.
1075 2035 1444 2097 Prohibenda
1482 2041 1679 2095 autem
1715 2037 1963 2097 maxime
1988 2044 2079 2097 est
2114 2037 2205 2098 ira
2227 2038 2292 2099 in

239 2129 312 2185 18
341 2126 646 2204 puniendo.
727 2127 1041 2207 Nunquam
1081 2128 1249 2197 enim,
1277 2127 1455 2185 iratus
1494 2127 1593 2205 qui
1630 2127 1867 2187 accedet
1908 2128 1985 2186 ad
2027 2148 2287 2208 poenam,

337 2216 790 2276 mediocritatem
816 2217 974 2275 illam
1001 2216 1238 2284 tenebit,
1260 2235 1393 2293 quae
1417 2224 1505 2274 est
1529 2217 1677 2275 inter
1701 2217 1939 2277 nimium
1958 2224 2019 2277 et
2037 2236 2251 2297 parum
2270 2240 2289 2289 ;

339 2325 470 2383 quae
502 2307 694 2384 placet
717 2304 1130 2383 PeripateticiS,
1153 2310 1213 2363 et
1239 2312 1397 2363 recte
1424 2306 1649 2383 placet:
1676 2307 1853 2367 modo
1879 2328 1951 2367 ne
1976 2308 2291 2371 laudarent

240 2398 312 2452 14
339 2394 706 2463 iracundiam,
736 2400 796 2453 et
835 2394 1106 2463 dicerent,
1143 2393 1359 2452 utiliter
1396 2414 1433 2453 a
1471 2402 1675 2453 natura
1716 2396 1929 2458 datam.
2010 2399 2121 2458 Illa
2144 2418 2290 2460 vero

337 2483 600 2542 omnibus
641 2483 701 2541 in
744 2482 918 2541 rebus
955 2483 1313 2562 repudianda
1352 2490 1458 2553 est,
1499 2486 1950 2564 optandumque,
1983 2495 2053 2547 ut
2089 2490 2145 2558 ii,
2184 2492 2289 2569 qui

340 2579 604 2651 praesunt
627 2573 709 2631 rei
736 2572 1002 2651 publicae,
1030 2575 1229 2652 legum
1272 2573 1479 2633 similes
1506 2575 1633 2644 sint,
1662 2595 1795 2653 quae
1824 2576 1901 2635 ad
1927 2580 2285 2675 puniendum

337 2680 452 2721 non
476 2662 784 2731 iracundia,
813 2662 918 2723 scd
945 2663 1218 2741 aequitate
1246 2663 1565 2724 ducuntur.·

419 2840 638 2901 XXVI.
679 2840 878 2919 Atque
905 2840 1077 2901 etiam
1111 2842 1170 2901 in
1208 2843 1383 2904 rebus
1422 2844 1711 2922 prosperis
1736 2851 1797 2904 et
1822 2846 1901 2905 ad
1926 2848 2284 2911 voluntatem

341 2938 601 2991 nostram
636 2931 944 2992 fluentibus
983 2933 1311 3012 superbiam
1346 2953 1559 3013 magno
1584 2954 1774 3013 opere,
1802 2936 2095 2997 fastidium
2120 2958 2279 3001 arro-

274 3026 315 3083 2
341 3024 708 3101 gentiamque
750 3023 1055 3103 fugiamus.
1137 3024 1293 3082 Nam
1333 3030 1403 3083 ut
1438 3024 1711 3084 adversas
1746 3046 1855 3095 res,
1880 3028 1965 3087 sic
1994 3031 2281 3090 secundas

337 3113 712 3173 immoderate
749 3114 898 3173 ferre
936 3113 1181 3173 levitatis
1221 3121 1346 3173 est:
1390 3116 1781 3194 praeclaraque
1806 3124 1897 3175 est
1922 3120 2281 3195 aequabilitas

337 3202 396 3261 in
423 3203 576 3261 omni
601 3203 736 3272 vita,
767 3210 828 3263 ct
860 3203 1018 3279 ide-m
1057 3223 1287 3283 semper
1311 3206 1516 3265 vultus
1546 3206 1866 3283 eademque
1904 3207 2079 3276 frons,
2106 3216 2175 3267 ut
2202 3211 2279 3271 dc

275 3298 310 3351 3
342 3292 578 3351 Socrate
597 3292 848 3369 itemque
868 3292 942 3351 de
965 3294 1031 3352 Ο.
1053 3293 1235 3354 Laelio
1260 3295 1602 3374 accepimus.
1671 3296 2003 3374 Philippum
2023 3298 2276 3376 quidem,

338 3380 722 3439 Macedonum
765 3397 979 3459 regem,
1009 3383 1182 3441 rebus
1217 3384 1397 3462 gestis
1424 3392 1485 3442 et
1509 3386 1691 3465 gloria
1717 3394 2051 3467 superatum
2078 3407 2113 3445 a
2140 3390 2275 3460 filio,

275 3476 311 3529 4
337 3471 606 3529 facilitate
627 3478 688 3529 et
706 3471 1058 3529 humanitate
1078 3472 1245 3531 video
1268 3475 1619 3551 superiorem
1636 3475 1827 3535 fuisse.
1898 3478 2103 3556 Itaque
2130 3481 2279 3540 alter

337 3578 566 3638 semper
589 3578 850 3639 magnus,
879 3560 1026 3619 alter
1049 3580 1212 3639 saepe
1248 3563 1642 3640 turpissimus:
1684 3572 1754 3625 ut
1776 3573 1933 3627 recte
1960 3570 2279 3649 praecipere

335 3648 651 3719 videantur,
689 3649 790 3726 qui
831 3656 1082 3718 monent,
1123 3656 1208 3719 ut,
1250 3656 1465 3729 quanto
1506 3654 1825 3732 superiores
1862 3675 2082 3728 sumus,
2110 3666 2277 3722 tauto
