2484 4175
921 307 1094 347 mna
1117 306 1204 347 111.
1288 306 1423 347 off.
1452 306 1593 347 xvn.
1724 332 1733 339 -
2182 292 2295 349 105

257 453 294 493 n
309 452 348 492 o
362 454 406 493 n
423 452 492 494 A.
554 434 636 495 M.
661 435 810 495 Cato
827 436 1164 495 sententiam
1179 436 1339 505 dixit,
1360 436 1535 515 hujus
1558 436 1737 495 nostri
1754 435 1987 495 Catonis
2008 442 2188 513 pater.
2218 442 2255 495 6

257 524 340 583 Ut
367 526 518 583 enim
559 526 730 584 ceteri
773 544 845 587 ex
887 527 1162 604 patribus,
1191 527 1271 585 sic
1298 526 1409 595 hic,
1437 527 1535 604 qui
1572 526 1715 585 illud
1752 526 1945 585 lumen
1982 546 2191 605 proge-

257 616 398 683 nuit,
427 635 502 673 ex
527 616 642 674 filio
669 623 758 674 est
782 617 1174 675 nominandus.
1258 617 1319 675 Is
1356 616 1533 694 igitur
1552 616 1733 695 judex
1758 616 1839 675 ita
1865 618 2198 704 pronuntia-0
2218 614 2252 676 ’1

258 704 355 772 vit,
386 725 522 763 cum
547 706 605 763 in
631 706 932 763 vendendo
957 725 1080 765 rem
1117 725 1247 765 eam
1284 706 1499 775 scisset,
1528 714 1587 765 et
1612 726 1727 765 non
1753 708 2189 784 pronuntiasset,

259 795 508 871 emptori
535 795 810 853 damnum
848 796 1109 874 praestari
1133 803 1412 874 oportere.
1494 796 1651 875 Ergo
1676 797 1753 854 ad
1778 797 1951 855 fidem
1978 798 2188 858 bonam

259 883 459 942 statuit
504 886 805 963 pertinere,
847 892 1050 947 notum
1093 904 1220 944 esse
1264 884 1510 963 emptori
1547 886 1763 954 vitium,
1793 887 1951 964 quod
1995 894 2189 947 nosset

257 974 534 1032 venditor.
619 976 788 1044 Quod
831 976 880 1033 si
917 982 1072 1033 recte
1108 975 1403 1053 judicavit,
1445 996 1559 1035 non
1597 982 1751 1034 recte
1789 976 2187 1037 frumentarius
2216 983 2251 1037 8

255 1063 366 1132 ille,
422 1083 540 1122 non
590 1072 746 1122 recte
802 1064 1008 1123 aedium
1062 1066 1445 1143 pestilentium
1495 1066 1757 1125 venditor
1794 1066 1987 1125 tacuit.
2069 1066 2189 1125 Sed

255 1154 588 1232 hujusmodi
639 1155 945 1213 reticentiae
995 1156 1126 1233 jure
1181 1155 1329 1213 civili
1382 1174 1579 1213 omnes
1622 1156 2035 1233 comprehendi
2071 1176 2187 1215 non

253 1251 532 1321 possunt:
575 1262 702 1321 quae
743 1251 937 1303 autem
978 1251 1233 1323 possunt,
1262 1245 1565 1324 diligenter
1588 1251 1871 1303 tenentur.
1954 1246 2033 1303 M.
2062 1246 2187 1304 Ma-
2228 1253 2264 1306 9

253 1335 372 1393 rius
417 1334 800 1403 Gratidianus,
843 1335 1198 1412 propinquus
1240 1341 1449 1403 noster,
1482 1335 1547 1393 O.
1590 1334 1793 1413 Sergio
1820 1334 2015 1393 Oratae
2052 1354 2185 1394 ven-

253 1424 480 1483 diderat
508 1424 660 1481 aedes
687 1442 802 1491 eas,
825 1443 968 1501 quas
991 1425 1068 1483 ab
1095 1424 1299 1483 eodem
1325 1425 1449 1501 ipse
1476 1424 1673 1503 paucis
1692 1431 1825 1483 ante
1852 1425 2009 1483 annis
2034 1444 2186 1484 eme-

251 1523 360 1573 rat.
460 1514 562 1572 Eae
591 1513 966 1573 'serviebantz
1035 1515 1140 1573 sed
1195 1516 1307 1573 hoc
1362 1516 1421 1573 in
1486 1516 1767 1593 mancipio
1820 1517 2035 1575 Marius
2072 1536 2189 1575 non

253 1604 493 1662 dixerat.
563 1604 840 1662 Adducta
860 1623 950 1661 res
971 1604 1028 1663 in
1044 1605 1322 1683 judicium
1339 1611 1441 1664 est.
1500 1606 1738 1665 Oratam
1761 1607 2019 1677 Crassus,
2040 1608 2184 1665 Gra·
2216 1612 2293 1667 10

251 1694 532 1753 tidianum
559 1694 904 1753 defendebat
928 1694 1232 1753 Antonius,
1315 1695 1354 1753 J
1356 1714 1425 1753 us
1454 1694 1695 1755 Crassus
1735 1699 1996 1776 urgebat,
2028 1698 2183 1775 quod

251 1785 374 1842 vitii
399 1784 658 1843 venditor
679 1804 798 1843 non
821 1783 1056 1842 dixisset
1081 1784 1279 1863 scienS,
1302 1784 1364 1841 id
1384 1792 1647 1862 oportere
1676 1788 1965 1863 praeteri:
2012 1787 2183 1865 aequi-

248 1880 437 1932 tatem
488 1874 791 1942 AntoniuS,
849 1874 1115 1951 quoniam
1167 1874 1227 1931 id
1260 1874 1469 1932 -vitium
1522 1874 1785 1953 ignotum
1824 1876 2031 1954 Sergio
2070 1896 2187 1934 non

249 1964 474 2032 fuisset,
502 1963 600 2041 qui
639 1964 764 2022 illas
791 1963 944 2021 aedes
971 1964 1339 2032 vendidisset,
1370 1964 1507 2022 nihil
1551 1965 1727 2022 fuisse
1770 1984 2003 2023 necesse
2042 1965 2183 2024 dici:

247 2072 358 2113 nec
387 2072 521 2112 eum
547 2072 672 2112 esse
699 2054 1024 2132 deceptum,
1053 2054 1151 2132 qui
1177 2054 1255 2122 id,
1280 2051 1433 2131 quod
1460 2060 1694 2122 emerat,
1723 2072 1839 2130 quo
1860 2054 1990 2132 jure
2016 2061 2184 2123 esset,

247 2150 493 2202 teneret.
577 2144 832 2212 Quorsus
875 2145 998 2202 haec
1016 2145 1044 2201 ‘2
1103 2151 1172 2202 ut
1215 2144 1358 2202 illud
1401 2144 1705 2222 intelligas,
1747 2162 1863 2201 non
1902 2144 2185 2222 placuisse
2215 2153 2287 2207 11

247 2234 570 2312 majoribus
594 2234 801 2292 nostris
828 2240 1068 2292 astutos

331 2415 533 2472 XVII.
577 2412 694 2472 Sed
719 2412 883 2472 aliter
907 2413 1082 2493 leges,
1113 2413 1277 2472 aliter
1318 2413 1643 2493 philosophi
1681 2414 1891 2474 tollunt
1930 2414 2185 2476 astutias.

249 2504 461 2583 Leges,
491 2511 768 2582 quatenus
793 2523 968 2562 manu
991 2510 1184 2562 tenere
1225 2512 1495 2581 possunt3
1537 2505 1875 2583 philosophi,
1906 2512 2186 2584 quatenus

247 2595 476 2652 ratione
517 2600 579 2651 et
620 2593 1006 2672 intelligentia.
1089 2593 1259 2652 Ratio
1299 2612 1437 2672 ergo
1480 2595 1751 2671 postulat,
1781 2615 1853 2654 ne
1880 2596 2016 2674 quid
2055 2597 2183 2655 insi-

249 2684 432 2751 diose,
475 2702 548 2742 ne
589 2683 726 2760 quid
773 2683 1052 2752 simulate,
1084 2702 1156 2740 ne
1196 2683 1335 2761 quid
1382 2684 1671 2743 fallaciter.
1756 2685 1977 2744 Suntne
2015 2686 2187 2764 igitur
2214 2691 2251 2743 2

247 2773 474 2834 insidiae
512 2774 744 2832 tendere
772 2774 992 2851 plagae,
1022 2773 1242 2832 etiamsi
1282 2774 1625 2832 excitaturus
1653 2794 1769 2834 non
1806 2775 1884 2832 sis
1922 2793 2027 2832 nec
2066 2775 2185 2853 agi-

247 2871 484 2923 taturus
502 2864 530 2921 ?
611 2865 761 2942 Ipsoe
805 2863 956 2920 enim
987 2863 1125 2922 ferae
1160 2863 1317 2922 nullo
1356 2863 1685 2942 insequente
1722 2881 1875 2941 saepe
1913 2863 2183 2922 incidunt.

249 2954 350 3012 Sic
398 2961 470 3012 tu
511 2953 662 3012 aedes
703 2953 1038 3030 proscribas,
1079 2953 1355 3036 tabulam,
1400 2961 1695 3030 tamquam
1736 2953 1955 3030 plagas,
1985 2971 2183 3030 ponas,

247 3043 495 3102 domurn
537 3051 772 3122 propter
797 3042 934 3101 vitia
957 3042 1190 3111 vendas,
1216 3043 1275 3101 in
1302 3061 1431 3100 eam
1458 3043 1680 3120 aliquis.
1696 3042 1949 3100 incurrat
1972 3042 2184 3122 impru-

247 3133 398 3192 dens
417 3133 446 3190 ἵ)
515 3133 644 3190 Ηοο
661 3151 1012 3212 quamquam
1026 3133 1194 3190 video
1215 3141 1453 3211 propter
1468 3131 1932 3210 depravationem
1950 3153 2183 3193 consue·
2214 3141 2249 3196 3

249 3222 470 3280 tudinis
508 3241 694 3300 neque
719 3241 878 3280 more
916 3228 1088 3301 turpe
1123 3222 1339 3291 haberi,
1365 3241 1551 3300 neque
1578 3229 1681 3280 aut
1706 3223 1835 3302 lege
1862 3224 2063 3283 sanciri
2088 3231 2189 3282 aut

239 3313 382 3392 jure
403 3312 584 3372 civili:
612 3318 805 3370 tamen
821 3321 1043 3371 naturae
1062 3311 1192 3392 lege
1212 3320 1475 3370 sanctum
1494 3318 1599 3371 est.
1658 3311 1915 3373 Societas
1932 3321 2021 3373 est
2040 3315 2188 3374 enim
2214 3319 2253 3373 4

251 3401 442 3482 (quod
490 3401 600 3460 etsi
645 3421 798 3479 saepe
838 3402 1056 3460 dictum
1095 3410 1199 3471 est,
1231 3402 1537 3460 dicendum
1579 3409 1773 3461 tamen
1819 3411 1909 3462 est
1954 3401 2187 3484 saepius)

249 3491 532 3550 latissime
570 3491 802 3568 quidem
841 3510 970 3568 quae
1015 3498 1226 3568 pateat,
1256 3490 1550 3551 hominum
1591 3493 1738 3550 inter
1780 3493 2067 3560 homines;
2106 3493 2189 3549 in-

249 3583 430 3641 terior
468 3600 683 3650 eorum,
713 3583 812 3659 qui
850 3580 1112 3660 ejusdem
1150 3581 1339 3659 gentis
1378 3588 1549 3649 sunu
1590 3582 1823 3660 propior
1849 3599 2062 3648 eorum,
2092 3581 2191 3658 qui

253 3671 522 3751 ejusdem
547 3670 804 3732 civitatis.
883 3673 1088 3748 Itaque
1130 3671 1379 3750 majores
1406 3670 1561 3730 aliud
1596 3671 1694 3749 jus
1732 3669 2005 3748 gentium,
2034 3668 2191 3728 aliud
2217 3677 2254 3732 5
