2484 4175
256 276 274 291 '
319 282 396 337 00
611 298 618 309 ·
1141 291 1220 331 οι
1260 290 1515 331 orrrcns

337 484 342 489 ,
422 426 729 484 honestum
755 423 844 492 sit,
873 422 934 482 id
959 441 1085 481 esse
1124 428 1227 480 aut
1252 421 1438 479 solum
1463 426 1565 480 aut
1592 440 1879 479 summum
1904 420 2151 479 bonum:
2198 418 2359 499 quod

421 508 616 573 autem
649 533 873 581 nonum,
901 513 960 571 id
987 520 1141 571 certe
1167 512 1338 571 utile:
1369 512 1451 569 ita
1474 511 1743 588 quicquid
1769 510 2094 580 honestum,
2110 512 2169 570 id
2196 512 2354 571 utile.

325 656 328 661 .
354 611 393 675 4
421 606 616 675 'Quare
642 624 799 663 error
820 604 1116 662 hominum
1141 622 1255 659 non
1281 602 1608 680 proborum,
1628 620 1761 659 cum
1780 601 2017 679 aliquid,
2030 600 2191 679 quod
2220 602 2357 660 utile

355 705 390 756 5
419 689 604 755 vis'u'm
643 702 748 763 est,
780 693 1032 772 arripuit,
1061 692 1121 751 id
1162 692 1429 752 continuo
1468 692 1709 750 secernit
1752 692 1825 751 ab
1867 692 2122 751 honesto,
2208 692 2357 749 Hinc

419 786 572 853 sicae‚
588 784 720 861 hinc
737 802 970 851 venena,
987 783 1118 841 hinc
1138 782 1285 840 falsa
1306 788 1649 841 testamenta
1668 787 2002 839 nascuntur:
2032 781 2163 839 hinc
2181 781 2353 851 furta,

419 875 736 953 peculatus.
765 873 1134 953 expilationes
1175 872 1635 949 direptionesque
1678 872 1959 930 sociorum
2002 878 2061 929 et
2108 871 2355 941 civium:

417 964 546 1023 hinc
573 983 750 1043 opum
776 963 1074 1021 nimiarum
1101 962 1373 1040 potentiae
1400 981 1517 1021 non
1541 960 1827 1029 ferendae3
1864 967 2152 1039 postremo
2178 961 2355 1019 etiam

413 1054 474 1114 in
497 1053 686 1113 liberis
713 1053 1034 1113 civitatibus
1061 1052 1339 1131 regnandi
1364 1051 1613 1111 existunt
1640 1051 2001 1130 cupiditateS‚
2028 1051 2240 1129 quibus
2269 1051 2353 1109 ni-

351 1150 388 1204 6
415 1144 498 1203 hil
523 1164 628 1203 nec
655 1144 892 1212 taetrius,
920 1162 1026 1201 nec
1053 1142 1265 1201 foedius
1306 1141 1615 1220 excogitari
1656 1148 1865 1220 potest.
1948 1141 2355 1200 Emolumenta

415 1236 566 1294 enim
591 1254 784 1293 rerum
819 1231 1120 1293 fallacibus
1153 1232 1381 1311 judiciis
1406 1232 1636 1293 vident:
1679 1249 1931 1309 poenam,
1959 1249 2076 1289 non
2112 1230 2244 1295 dico
2272 1230 2352 1291 le-

413 1345 571 1403 gum,
601 1344 776 1403 quam
815 1341 977 1403 saepe
1021 1329 1420 1401 perrumpunt,
1448 1322 1551 1380 sed
1587 1321 1765 1398 ipsius
1808 1320 2205 1399 turpitudinis,·
2220 1340 2353 1399 quae

349 1415 384 1476 Ἰ
413 1415 774 1475 acerbissima
799 1420 906 1482 est,
935 1431 1051 1471 non
1078 1412 1294 1472 vident.
1377 1412 1765 1481 Quamobrem
1803 1411 1913 1469 hoc
1946 1410 2181 1489 quidem
2210 1410 2351 1469 deli-

412 1504 732 1563 berantium
775 1521 960 1581 genus
1003 1502 1253 1579 pellatur
1278 1520 1312 1560 e
1340 1501 1528 1561 medio
1558 1499 1673 1581 (est
1711 1500 1862 1561 enim
1892 1508 2081 1561 totum
2108 1500 2349 1560 scelera-

383 1602 396 1615 ’
411 1600 537 1652 tum
579 1599 639 1651 et
679 1591 942 1671 impium)
983 1591 1084 1669 qui
1125 1591 1461 1659 deliberant,
1489 1599 1685 1651 utrum
1728 1591 1788 1649 id
1828 1597 2157 1669 sequantur,
2188 1590 2354 1674 quod

409 1683 714 1741 honestum
733 1700 859 1739 esse
876 1680 1125 1750 videant,
1142 1698 1216 1739 an
1235 1700 1299 1739 se
1320 1681 1561 1741 scientes
1588 1682 1801 1740 scelere
1822 1680 2219 1741 contaminent.
2278 1680 2350 1739 In

407 1772 534 1852 ipsa
559 1771 709 1831 enim
736 1770 1090 1830 dubitatione
1127 1770 1350 1829 facinus
1376 1771 1541 1841 inest,
1570 1772 1790 1831 etiamsi
1815 1772 1893 1830 ad
1918 1771 1980 1830 id
2005 1790 2121 1829 non
2146 1789 2348 1848 perve-

345 1869 382 1923 8
409 1861 607 1921 nei-int.
635 1886 639 1888 ·
689 1861 849 1940 Ergo
875 1878 944 1918 ea
970 1859 1341 1920 deliberanda
1367 1862 1594 1921 omnino
1619 1880 1733 1920 non
1758 1868 1909 1931 sunt,
1934 1860 1995 1919 in
2021 1860 2231 1940 quibus
2256 1866 2350 1919 est
2458 1920 2460 1931 ε

411 1951 598 2031 turpis
623 1950 752 2029 ipsa
779 1950 1128 2011 deliberatio,

297 2052 302 2059 ’
343 2049 380 2104 9
487 2042 684 2122 Atque
729 2041 898 2102 etiam
943 2060 1016 2101 ex
1055 2040 1208 2114 omni
1248 2040 1651 2102 deliberatione
1690 2039 1911 2112 celandi
1938 2047 1997 2100 et
2022 2039 2348 2100 occultandi

409 2153 542 2213 spes
584 2133 886 2212 opinioque
928 2132 1273 2191 removenda
1316 2139 1421 2192 est.
1504 2132 1669 2199 Satis,
1700 2132 1850 2190 enim
1876 2131 2055 2199 nobie,
2085 2130 2133 2190 si
2156 2131 2347 2190 modo

291 2299 298 2305 ι
407 2225 466 2283 in
493 2223 856 2304 philosophia
895 2222 1110 2300 aliquid
1147 2222 1505 2302 profecimus,
1537 2241 1871 2300 persuasum
1912 2240 2036 2280 esse
2074 2219 2268 2291 debet,
2298 2221 2345 2280 si

408 2333 604 2372 omnes
644 2312 782 2371 deos
809 2312 1179 2388 hominesque
1217 2311 1403 2370 celare
1439 2312 1740 2391 possimus,
1768 2311 1907 2370 nihil
1932 2317 2125 2370 tamen
2150 2329 2341 2380 avare,

407 2403 547 2460 nihil
572 2401 800 2480 injuste,
829 2399 968 2458 nihil
991 2401 1307 2470 libidinose,
1335 2401 1475 2460 nihil
1512 2401 1924 2460 incontinenter
1963 2419 2087 2458 esse
2129 2400 2340 2460 facien-

409 2491 566 2548 dum.
649 2490 752 2547 IX.
795 2489 942 2547 Hinc
983 2490 1080 2549 ille
1124 2491 1323 2570 Gyges
1362 2491 1650 2550 inducitur
1676 2510 1711 2548 a
1736 2491 2011 2551 Platone:
2054 2490 2173 2568 qui,
2206 2509 2339 2550 cum
2456 2519 2458 2568 f

407 2587 561 2658 terra·
601 2578 954 2637 discessisset
993 2581 1214 2658 magnis
1254 2581 1595 2658 quibusdam
1637 2581 1931 2649 imbribuS,
1963 2579 2259 2639 descendit
2282 2581 2341 2638 in
2456 2575 2458 2628 l

405 2669 564 2728 illum
600 2668 838 2736 hiatum,
856 2686 1198 2746 -aeneumque
1227 2688 1456 2748 equum,
1486 2677 1553 2729 ut
1591 2671 1783 2729 ferunt
1822 2669 2055 2738 fabulae,
2085 2669 2340 2728 animad-

405 2758 590 2827 vertit,
620 2758 784 2837 cujus
811 2757 870 2816 in
894 2757 1164 2818 lateribus
1189 2760 1342 2818 fores
1370 2767 1595 2820 essent:
1639 2761 1847 2838 quibus
1886 2759 2101 2839 apertis
2128 2779 2339 2838 corpus

404 2848 644 2908 hominis
669 2847 882 2907 mortui
907 2848 1046 2908 vidit
1073 2850 1463 2928 magnitudine
1488 2850 1773 2918 inusitata,
1794 2850 2145 2928 anulumque
2172 2869 2336 2910 aure-

403 2959 504 2999 um
530 2941 588 2999 in
613 2939 828 3018 digito:
871 2958 1043 3017 quem
1081 2945 1149 2996 ut
1189 2939 1451 3009 detraxit,
1481 2941 1605 3019 ipse
1629 2940 1815 2998 induit
1846 2937 1997 3019 (erat
2022 2946 2223 2998 autem
2248 2959 2337 2998 re-

339 3037 375 3090 2
405 3030 532 3110 gius
559 3028 780 3109 pastor)
808 3036 934 3089 tum
961 3030 1020 3087 in
1047 3029 1346 3088 concilium
1372 3050 1435 3090 se
1462 3037 1757 3110 pastorum
1770 3030 2015 3108 recepit.
2084 3030 2178 3090 Ibi
2204 3050 2337 3090 cum
2454 3081 2456 3106 ἓ

403 3121 594 3198 palam
636 3120 762 3197 ejus
804 3119 958 3178 anuli
982 3120 1059 3178 ad
1086 3119 1337 3197 palmam
1364 3127 1735 3190 converterat,
1764 3140 1801 3179 a
1826 3121 1983 3180 nullo
2012 3120 2331 3189 videbatur,

402 3208 524 3284 ipse
565 3215 759 3266 autem
799 3210 986 3267 omnia
1009 3210 1261 3270 videbat.
1343 3210 1511 3270 Idem
1548 3231 1744 3270 rursus
1771 3210 2085 3279 videbatur,
2117 3230 2251 3269 cum
2276 3211 2335 3268 in
2454 3209 2456 3279 ζ

337 3304 372 3355 3
402 3297 590 3355 locum
633 3297 864 3355 anulum
907 3299 1230 3359 inverterat.
1314 3301 1521 3380 Itaque
1562 3301 1671 3360 hac
1714 3300 2141 3380 opportunitate
2180 3300 2333 3358 anuli

399 3405 554 3453 usus,
592 3386 802 3464 reginae
841 3394 1105 3465 stuprum
1143 3389 1351 3458 intulit,
1392 3409 1573 3469 eaque
1612 3391 1889 3469 adjutrice
1928 3407 2125 3468 regem
2152 3389 2333 3449 domi-

400 3495 539 3534 num
565 3475 860 3543 interemit,
891 3477 1121 3536 sustulit
1147 3499 1291 3556 quos
1319 3480 1547 3540 obstare
1572 3480 1985 3540 arbitrabatur:
2029 3497 2135 3538 nec
2160 3479 2223 3537 in
2246 3479 2336 3538 his
2452 3547 2454 3552 .

400 3584 532 3624 eum
557 3565 898 3624 facinoribus
937 3567 1234 3645 quisquam
1276 3571 1463 3646 potuit
1489 3571 1703 3630 videre.
1784 3570 1881 3630 Sic
1917 3576 2155 3649 repente
2180 3569 2337 3628 anuli

335 3658 376 3714 4
399 3655 673 3715 beneficio
699 3674 800 3714 rex
825 3663 1056 3716 exortus
1082 3664 1178 3732 est
1195 3658 1422 3736 Lydiae.
1485 3661 1657 3720 Hunc
1682 3660 1855 3740 igitur
1878 3659 2069 3739 ipsum
2096 3659 2337 3720 anulum
2452 3669 2454 3720 2
