2484 4175
872 301 1047 344 maa
1070 301 1161 344 111.
1242 301 1378 345 ou».
1408 303 1564 344 mi.
2137 287 2251 345 119

212 431 521 492 videbatur
558 430 793 501 utilitas,
850 431 983 510 plus
1022 431 1217 502 valuit,
1260 451 1433 511 quam
1485 433 1786 492 honestas:
1843 429 2001 510 apud
2053 451 2147 492 su-

213 523 469 601 periores
494 522 755 584 utilitatis
782 523 1001 602 speeies
1040 523 1187 580 falsa
1224 523 1300 582 ab
1341 523 1651 582 honestatis
1690 522 2026 581 auctoritate
2053 541 2148 581 su·

213 620 419 692 perata
444 619 549 672 est.
1251 657 1256 664 .

296 704 383 761 At
426 721 541 762 non
586 701 783 762 debuit
824 709 1015 761 ratum
1062 720 1205 770 esse,
1247 702 1404 780 quod
1451 709 1574 761 erat
1615 708 1811 761 aetum
1863 721 1968 780 per
2011 702 2143 762 vim.
2174 708 2211 762 6

214 793 397 862 Quasi
420 811 555 851 vero
592 792 727 850 forti
752 793 871 851 viro
898 791 983 850 vis
1030 793 1214 872 possit
1253 793 1524 852 adhiberi.
1568 782 1579 794 ’
1609 793 1730 852 Cur
1755 792 1928 872 igitur
1955 793 2030 851 ad
2059 811 2145 851 se·
2177 794 2210 853 ’1

210 891 417 941 natum
436 882 914 959 proficiscebatur,
934 901 1065 941 eum
1092 883 1416 960 praesertim
1436 883 1510 942 de
1531 883 1770 960 captivis
1786 883 2147 941 dissuasurus

210 973 414 1031 esset?
457 971 628 1042 Quod
646 971 957 1030 maximum
975 972 1035 1030 in
1052 991 1123 1031 eo
1141 979 1246 1041 est,
1269 972 1329 1031 id
1348 972 1775 1052 reprehenditis.
1843 973 1978 1032 Non
1995 973 2146 1034 enim
2177 979 2212 1032 8

210 1081 321 1122 suo
344 1063 558 1140 judicio
585 1062 759 1131 stetit,
788 1063 891 1120 sed
932 1063 1183 1142 suscepit
1208 1078 1458 1132 eausam,
1489 1070 1556 1122 ut
1582 1069 1732 1122 esset
1754 1061 2032 1141 judicium
2059 1082 2146 1122 se-

207 1159 421 1211 natus:
464 1152 557 1211 eui
570 1143 702 1211 'nisi
743 1151 867 1231 ipse
906 1160 1108 1211 auctor
1152 1153 1371 1222 fuisset,
1401 1153 1610 1231 captivi
1657 1154 1918 1232 profecto
1955 1153 2148 1213 Poenis

206 1239 426 1300 redditi
470 1249 693 1300 essent:
734 1243 817 1300 ita
860 1241 1155 1302 incolumis
1196 1242 1260 1301 in
1307 1243 1492 1321 patria
1537 1243 1795 1322 Regulus
1833 1243 2145 1302 restitisset.

210 1331 390 1400 Quod
416 1331 549 1408 quia
585 1331 785 1410 patriae
825 1350 941 1390 non
980 1332 1119 1390 utile
1166 1333 1409 1411 putavit,
1438 1332 1650 1392 idcireo
1693 1332 1798 1392 sibi
1843 1333 2148 1391 honestum
2176 1338 2214 1390 9
2285 1344 2289 1348 “

209 1427 277 1480 et
302 1421 509 1480 sentire
534 1421 629 1480 illa
656 1428 715 1480 et
742 1422 862 1500 pati
888 1422 1142 1481 eredidit.
1225 1422 1380 1481 Nam
1406 1422 1562 1500 quod
1588 1423 1768 1491 aiunt,
1799 1422 1954 1500 quod
1980 1422 2148 1481 valde
2179 1427 2254 1481 10

209 1511 357 1570 utile
396 1511 488 1578 sit,
516 1510 576 1569 id
615 1511 736 1569 fieri
774 1511 1109 1570 honestum:
1150 1511 1324 1570 immo
1350 1531 1486 1572 vero
1513 1530 1656 1581 esse,
1683 1531 1799 1570 non
1823 1511 1960 1570 fieri.
2043 1511 2151 1570 Est

210 1601 365 1660 enim
404 1601 541 1660 nihil
580 1601 737 1670 utile,
767 1601 923 1679 quod
961 1601 1115 1660 idem
1156 1621 1272 1660 non
1309 1602 1644 1662 honestum:
1685 1621 1790 1662 nee
1817 1602 1950 1680 quia
1989 1601 2148 1670 utile,

210 1693 520 1750 honestum
548 1698 675 1759 est;
719 1691 822 1751 sed
849 1692 985 1768 quia
1024 1692 1348 1761 honestum,
1377 1691 1532 1751 utile.
1616 1690 1805 1760 Quare
1845 1711 1917 1750 ex
1955 1691 2150 1750 multis
2181 1696 2251 1750 11

208 1780 565 1841 mirabilibus
612 1781 901 1860 exemplis
932 1781 1095 1848 haud.
1124 1781 1292 1840 facile
1321 1781 1448 1859 quis
1487 1781 1692 1840 dixerit
1737 1783 1848 1842 hoo
1889 1782 2152 1862 exemplo

208 1878 319 1930 aut
344 1870 683 1930 laudabilius
708 1877 811 1929 aut
835 1869 1221 1950 praestantius.

292 2051 512 2111 XXXI.
556 2049 675 2111 Sed
700 2069 775 2110 ex
799 2057 925 2110 tota
950 2050 1059 2110 hae
1086 2049 1256 2111 laude
1272 2048 1484 2130 Reguli
1503 2068 1680 2109 unum
1704 2049 1844 2109 illud
1864 2055 1954 2109 est
1972 2048 2149 2109 admi-

210 2143 437 2203 ratione
482 2142 740 2220 dignum,
789 2140 946 2220 quod
994 2142 1250 2219 captivos
1303 2141 1626 2201 retinendos
1679 2140 1914 2200 censuit.
1995 2140 2152 2199 Nam
2180 2147 2216 2199 2

212 2232 377 2312 quod
403 2230 585 2300 rediit,
613 2231 775 2291 nobis
819 2251 969 2291 nune
1010 2232 1265 2291 mirabile
1291 2230 1548 2290 videtur:
1589 2230 1697 2289 illis
1737 2231 1967 2308 quidem
2005 2237 2151 2289 tem-

212 2322 455 2403 poribus
482 2321 645 2381 aliter
682 2321 872 2379 faeere
902 2339 1017 2379 non
1054 2321 1259 2399 potuit.
1341 2322 1546 2399 Itaque
1591 2321 1702 2379 ista
1741 2321 1866 2380 laus
1909 2340 2023 2378 non
2064 2327 2155 2379 est

210 2412 479 2481 hominis,
533 2411 637 2471 sed
682 2417 1024 2490 temporum.
1105 2411 1348 2470 Nullum
1395 2410 1544 2470 enim
1589 2410 1880 2470 vinculum
1933 2409 2010 2468 ad
2063 2429 2153 2469 as-
2182 2417 2218 2469 8

212 2501 585 2583 tringendam
626 2500 799 2559 fidem
844 2501 975 2580 jure
1012 2501 1262 2580 jurando
1303 2501 1548 2580 majores
1591 2502 1770 2559 artius
1809 2520 1935 2561 esse
1961 2502 2154 2561 volue-

212 2600 371 2651 runt.
451 2591 525 2651 Id
565 2591 815 2651 indicant
858 2592 1017 2671 leges
1061 2591 1121 2650 in
1156 2590 1295 2651 XII.
1337 2592 1564 2659 tabulis,
1605 2591 1856 2651 indicant
1899 2597 2153 2660 saeratae‚
2183 2595 2222 2648 4

213 2682 471 2743 indicant
507 2682 741 2750 foedera,
771 2681 979 2759 quibus
1017 2681 1191 2740 etiam
1230 2700 1365 2741 eum
1407 2682 1574 2741 hoste
1615 2681 1928 2741 devincitur
1973 2680 2154 2749 fides;

214 2772 474 2832 indicant
499 2771 757 2831 notiones
784 2770 1408 2849 animadversionesque
1435 2790 1748 2839 censorum,
1778 2770 1878 2849 qui
1899 2771 2056 2829 nulla
2081 2770 2156 2827 de

214 2882 283 2923 re
308 2861 639 2942 diligentius
664 2880 837 2939 quam
866 2861 939 2920 de
962 2861 1093 2940 jure
1112 2862 1362 2941 jurando
1397 2860 1747 2940 judicabant.
1830 2860 1895 2918 L.
1926 2859 2154 2927 Manli0,
2185 2867 2221 2919 5

214 2952 298 3011 A.
326 2953 417 3021 F„
448 2970 582 3011 eum
608 2950 857 3009 dictator
900 2951 1123 3021 fuisset,
1150 2951 1230 3012 M.
1274 2950 1624 3027 Pomponius
1669 2950 1926 3008 tribunus
1971 2948 2156 3027 plebis

217 3041 379 3101 diem
402 3041 563 3109 dixit,
590 3041 747 3119 quod
770 3038 823 3100 is
850 3039 1066 3119 pausos
1094 3040 1201 3100 sibi
1224 3038 1448 3099 dies-ad
1477 3040 1816 3097 dictaturam
1844 3037 2156 3117 gerendam

218 3132 555 3191 addidisset.
636 3128 1057 3191 criminabatur
1100 3125 1292 3201 etiam,
1347 3128 1504 3209 quod
1555 3129 1748 3188 Titum
1804 3128 2006 3197 filium,
2061 3126 2158 3207 qui
2187 3134 2222 3187 6

220 3230 429 3303 postea
454 3228 545 3280 est
570 3220 893 3299 Torquatus
918 3220 1262 3300 appellatus,
1289 3221 1365 3281 ab
1394 3219 1715 3279 hominibus
1752 3219 2066 3299 relegasset
2093 3225 2154 3277 et

220 3312 341 3371 ruri
366 3312 625 3371 habitare
646 3311 923 3390 jussisset.
987 3310 1294 3380 Quodeum
1320 3310 1628 3369 audivisset
1645 3310 1974 3369 adolescens
1994 3310 2158 3379 filius,
2190 3309 2224 3369 ’1

221 3402 521 3482 negotium
548 3401 798 3460 exhiberi
842 3402 1024 3479 patri:
1066 3402 1378 3461 accurrisse
1419 3402 1662 3460 Romam
1701 3407 1762 3460 et
1801 3420 1933 3459 eum
1973 3401 2156 3478 prima

224 3491 355 3551 'luce
380 3491 681 3571 Pomponii
707 3491 941 3551 domum
968 3491 1190 3551 venisse
1216 3490 1436 3550 dicitur.
1522 3491 1630 3550 Oui
1675 3510 1806 3549 eum
1833 3496 1987 3548 esset
2011 3508 2156 3546 nun·
2185 3492 2222 3547 8

226 3582 451 3649 flatum,
482 3581 581 3658 qui
618 3580 780 3640 illum
819 3580 1027 3639 iratum
1066 3582 1372 3641 allaturum
1395 3581 1471 3647 ad
1499 3600 1562 3639 se
1588 3580 1799 3659 aliquid
1827 3586 2022 3637 eontra
2061 3596 2162 3655 pa-

229 3677 377 3731 trem
400 3670 793 3741 arbitraretur,
820 3672 1063 3733 surrexit
1100 3690 1135 3732 e
1174 3671 1404 3743 lectule,
1433 3670 1774 3749 remotisque
1816 3666 2056 3736 arbitris,
2085 3665 2162 3725 ad
