2484 4175
213 308 291 364 88
1042 314 1119 355 nn
1148 312 1410 357 omens

318 450 380 510 in
404 449 613 528 quibus
650 446 963 506 deliberare
1004 440 1262 503 homines
1303 449 1366 502 et
1409 441 1730 501 consultare
1771 440 1849 499 de
1887 439 2072 498 officio
2111 440 2260 499 sole·

316 545 477 608 rent;
518 558 651 607 uno,
672 556 803 596 cum
825 535 1176 602 dubitarent,
1198 534 1578 592 honestumne
1603 530 1662 590 id
1693 537 1862 599 esset,
1883 530 1958 588 de
1977 548 2094 609 quo
2120 524 2261 632 ag'e-

316 637 489 698 retur,
511 648 587 686 an
610 635 814 706 turpe.
856 626 1051 693 altero,
1080 622 1296 685 utilene
1323 630 1491 691 esset,
1513 640 1588 679 an
1613 620 1841 680 inutile.
1885 620 2071 688 tertio,
2101 620 2152 677 si
2177 619 2258 687 id,

320 719 477 799 quod
504 718 757 797 speciem
793 716 1035 775 haberet
1071 714 1314 783 honesti,
1344 719 1630 793 pugnaret
1655 731 1790 771 cum
1817 729 1902 779 ec,
1933 709 2089 788 quod
2116 710 2262 768 utile

318 810 625 877 videretur,
654 826 771 886 quo
796 806 971 865 modo
996 824 1067 863 ea
1090 804 1334 865 discerni
1359 809 1685 881 oporteret:
1729 801 1803 859 de
1831 800 2059 859 duobus
2084 817 2264 879 gene·

316 901 475 961 ribus
503 899 699 977 primis
726 898 911 957 tribus
954 896 1109 957 libris
1148 894 1483 973 explicavit:
1526 893 1602 951 de
1626 892 1800 951 tertio
1825 896 2020 949 autem
2047 908 2264 969 genere

320 990 591 1067 deinceps
618 1006 679 1047 se
706 987 933 1066 scripsit
960 986 1265 1054 dicturum,
1294 1003 1400 1043 nec
1429 983 1684 1051 exsolvit,
1715 981 1873 1060 quod
1898 981 2257 1060 promiserat.

255 1088 290 1141 9
322 1079 491 1150 Quod
512 1098 581 1137 eo
602 1079 786 1157 magis
800 1077 991 1145 miror,
1008 1077 1140 1155 quia
1156 1076 1434 1154 scriptum
1451 1094 1486 1131 a
1507 1072 1788 1151 discipulo
1803 1073 1932 1151 ejus
1945 1070 2260 1130 Posidonio

320 1178 427 1239 est,
455 1170 690 1249 triginta
730 1168 891 1226 annis
916 1168 1123 1227 vixisse
1148 1166 1484 1235 Panaetium,
1513 1171 1889 1243 posteaquam
1925 1162 2054 1220 illos
2079 1161 2264 1219 libros

218 1265 293 1320 10
322 1259 609 1319 edidisset.
692 1259 879 1329 Quem
917 1258 1108 1317 locum
1146 1256 1322 1315 miror
1347 1274 1384 1313 a
1410 1254 1716 1313 Posidonio
1743 1252 1992 1313 breviter
2019 1270 2146 1309 esse
2173 1258 2266 1309 ta-

320 1357 478 1410 ctum
502 1351 560 1408 in
578 1349 921 1426 quibusdam
946 1345 1377 1414 commentariis,
1400 1345 1714 1423 praesertim
1732 1364 1868 1402 cum
1885 1342 2111 1410 scribat,
2133 1342 2264 1400 nul·

221 1446 251 1499 1
264 1446 294 1499 1
325 1440 449 1499 lum
476 1458 601 1498 esse
622 1440 811 1497 locum
830 1438 889 1495 in
908 1443 1031 1495 tota
1048 1436 1412 1515 philosophia
1429 1442 1551 1494 tam
1570 1434 1967 1493 necessarium.
2027 1432 2266 1490 Minime

320 1548 457 1587 vero
484 1527 761 1585 assentior
784 1526 870 1594 iis,
898 1526 997 1604 qui
1020 1532 1254 1603 negant,
1285 1544 1420 1583 eum
1459 1526 1652 1585 locum
1677 1542 1714 1581 a
1738 1522 1998 1582 Panaetio
2023 1529 2264 1600 praeter-

319 1618 573 1685 missum,
593 1616 696 1675 sed
718 1616 975 1674 consulto
990 1615 1270 1683 relictum,
1292 1634 1398 1673 nec
1419 1615 1646 1673 omnino
1665 1613 2028 1673 scribendum
2047 1612 2226 1671 fuisse
2247 1629 2264 1670 ε

218 1714 292 1768 12
322 1708 455 1787 qnia
492 1724 782 1783 nunquam
820 1711 1017 1785 posset
1056 1705 1270 1763 utilitas
1299 1724 1434 1764 cum
1473 1706 1772 1764 honestate
1811 1722 2084 1782 pugnare.
2169 1703 2266 1761 De

320 1816 439 1875 quo
464 1796 708 1855 alterum
737 1801 931 1875 potest
957 1794 1170 1853 habere
1198 1795 1627 1863 dubitationem,
1651 1794 2110 1853 adhibendumne
2138 1793 2266 1851 fue-

320 1888 397 1946 rit
442 1886 552 1945 hoc
597 1904 797 1965 genus,
848 1884 1005 1964 quod
1052 1885 1111 1943 in
1158 1884 1430 1945 divisione
1474 1885 1713 1944 Panoetii
1757 1884 1988 1943 tertium
2033 1889 2140 1951 est,
2187 1902 2267 1941 an

326 1977 495 2056 plane
524 1975 937 2035 omittendum:
982 1976 1226 2034 alterum
1251 1976 1502 2035 dubitari
1526 1994 1643 2033 non
1681 1981 1894 2053 potest,
1923 1973 2060 2052 quin
2085 1992 2122 2030 a
2147 1974 2265 2032 Pa-

220 2073 294 2128 13
324 2068 497 2128 noetio
524 2074 859 2148 susceptum
884 2067 975 2136 sit,
1006 2066 1109 2126 sed
1135 2067 1413 2126 relictum.
1497 2066 1652 2126 Nam
1678 2066 1777 2144 qui
1803 2084 1836 2124 e
1863 2064 2135 2124 divisione
2161 2064 2266 2123 tri-

326 2160 539 2237 pertita
564 2159 711 2217 duas
739 2165 933 2237 partes
960 2157 1282 2226 absolverit,
1310 2157 1444 2216 huie
1487 2175 1718 2216 necesse
1761 2163 1854 2214 est
1894 2163 2109 2214 restare
2147 2162 2266 2214 ter-

325 2249 479 2307 tiam.
522 2248 813 2306 Praeterea
832 2249 890 2305 in
910 2254 1165 2306 extremo
1190 2247 1337 2306 libro
1351 2247 1520 2306 tertio
1541 2247 1614 2305 de
1640 2247 1749 2305 hac
1771 2253 1934 2325 parte
1962 2247 2269 2325 pollicetur

224 2342 298 2398 14
325 2357 387 2396 se
426 2338 695 2416 deinceps
736 2355 863 2394 esse
890 2337 1195 2396 dicturum.
1266 2336 1516 2396 Accedit
1541 2337 1746 2396 eodem
1786 2337 1947 2394 testis
1971 2337 2264 2413 ‚locupleS,

322 2426 679 2494 Posidonius,
706 2426 808 2503 qui
832 2427 1005 2485 etiam
1033 2427 1229 2486 scribit
1253 2427 1312 2485 in
1338 2428 1590 2505 quadam
1615 2427 1872 2506 epistola,
1891 2427 1958 2486 P.
1982 2427 2268 2485 Rutilium

325 2516 547 2575 Rufum
572 2515 761 2574 dicere
788 2516 988 2585 solere,
1018 2517 1116 2595 qui
1142 2517 1462 2576 Panoetium
1489 2517 1762 2585 audierat,
1789 2523 1858 2576 ut
1881 2535 2052 2576 nemo
2078 2517 2268 2594 pictor

324 2610 478 2665 esset
504 2604 785 2673 inventus,
813 2604 914 2683 qui
944 2606 1079 2664 Coae
1105 2607 1347 2666 Veneris
1386 2626 1514 2666 eam
1553 2614 1794 2686 partem,
1823 2627 1994 2685 quam
2020 2607 2268 2686 Apelles

323 2695 647 2754 inchoatam
684 2695 1017 2773 reliquisset,
1048 2696 1370 2757 absolveret
1381 2695 1536 2776 (oris
1563 2697 1711 2756 enim
1740 2696 2108 2776 pulchritudo
2132 2697 2264 2757 reli·

324 2785 423 2865 qui
450 2785 704 2863 corporis
747 2785 1007 2844 imitandi
1032 2805 1197 2865 spem
1222 2787 1546 2867 auferebat)
1577 2788 1657 2847 sic
1683 2806 1769 2857 ea,
1799 2806 1928 2865 quae
1969 2787 2266 2847 Panoetius

326 2877 775 2954 praetermisisset
800 2882 861 2935 et
886 2895 999 2935 non
1026 2876 1374 2954 perfecisset,
1402 2884 1642 2957 propter
1667 2897 1884 2948 eorum,
1914 2897 2044 2957 quae
2071 2878 2262 2957 perfe-

328 2967 516 3037 cisset,
548 2966 939 3046 praestantiam
964 2968 1248 3026 neminem
1273 2986 1400 3027 esse
1425 2975 1807 3048 persecutum.

404 3146 519 3204 III.
564 3146 751 3216 Quam
773 3148 849 3207 ob
876 3165 999 3206 rem
1027 3146 1103 3206 de
1124 3146 1342 3226 judicio
1359 3145 1600 3206 Panaetii
1618 3147 1868 3207 dubitari
1892 3167 2006 3206 non
2032 3155 2260 3227 potest:

323 3241 550 3293 rectene
576 3241 769 3294 autem
794 3238 943 3296 hane
969 3237 1197 3296 tertiam
1224 3243 1448 3316 partem
1476 3237 1553 3295 ad
1573 3237 1986 3315 exquirendum
2013 3237 2266 3297 officium

263 3331 299 3385 2
330 3323 672 3402 adjunxerit,
702 3343 774 3383 an
802 3344 984 3394 seona,
1014 3327 1089 3384 de
1128 3346 1199 3386 eo
1237 3328 1481 3386 fortasse
1508 3327 1790 3406 disputari
1815 3333 2023 3405 potest.
2105 3328 2165 3386 N
2165 3347 2286 3388 am.

326 3414 445 3472 sive
470 3413 777 3472 honestum
804 3415 991 3474 solum
1018 3415 1234 3474 bonum
1263 3424 1370 3485 est,
1391 3424 1460 3475 ut
1480 3417 1685 3476 Stoicis
1712 3417 1937 3495 placet,
1923 3437 1936 3451 ·
1965 3416 2084 3477 sive
2103 3417 2264 3495 quod

324 3504 629 3562 honestum
666 3509 773 3571 est,
803 3503 862 3561 id
906 3504 987 3562 ita
1032 3524 1321 3565 summum
1366 3506 1582 3565 bonum
1625 3513 1732 3576 est,
1775 3507 2264 3585 quemadmodum

325 3593 718 3673 Peripateticis
738 3593 943 3652 vestris
958 3594 1201 3664 videtur,
1220 3604 1290 3655 ut
1304 3596 1494 3655 omnia
1512 3615 1584 3655 ex
1599 3597 1784 3656 altera
1797 3605 1962 3676 parte
1983 3597 2265 3657 collocata

324 3683 419 3743 vix
456 3683 669 3743 minimi
707 3683 981 3745 momenti
1022 3683 1203 3744 instar
1242 3685 1529 3745 habeant:
1571 3686 1957 3747 dubitandum
1992 3707 2112 3749 non
2149 3694 2259 3758 est,
