2484 4175
1229 283 1307 340 86

846 801 1161 876 LIBER
1213 797 1681 877 TERTIUS.

441 1149 491 1210 1.
532 1148 807 1208 Punmm
833 1147 1186 1217 Somnum,
1217 1148 1411 1207 Marce
1450 1145 1545 1214 fili,
1574 1164 1725 1212 eum,
1753 1143 1851 1222 qui
1888 1142 2109 1222 primus
2137 1141 2297 1204 Affi-

362 1257 538 1300 eanus
557 1239 882 1317 appellatus
893 1244 1000 1306 est,
1015 1239 1202 1298 dicere
1227 1237 1458 1296 solitum
1476 1233 1704 1312 scripsit
1725 1234 1890 1302 Ostn,
1914 1233 2012 1311 qui
2037 1232 2151 1291 fuit
2176 1233 2300 1292 fere

361 1330 488 1408 ejus
515 1328 763 1406 aqualis,
778 1329 1102 1403 Nunquam
1125 1347 1180 1386 ee
1194 1329 1382 1388 minus
1400 1327 1637 1384 otiosum
1650 1343 1771 1392 esse,
1790 1343 1963 1399 quam
1988 1338 2121 1378 eum
2158 1322 2299 1381 otio-

299 1425 334 1478 2
363 1419 784 1488 sm,mcminus
794 1419 994 1486 solum,
1015 1435 1190 1493 quam
1203 1436 1333 1474 cum
1342 1417 1495 1474 solus
1506 1423 1653 1474 esset.
1711 1412 2013 1492 Magnifica
2028 1431 2170 1472 vero
2186 1430 2299 1471 vox
2370 1485 2377 1494 .
2448 1460 2450 1480 ,

361 1515 422 1566 et
441 1525 650 1584 magno
668 1507 788 1564 viro
808 1525 874 1564 ac
891 1507 1145 1584 sapiente
1167 1507 1371 1585 digna:
1402 1524 1531 1584 quae
1551 1503 1819 1572 declarat,
1838 1503 2001 1561 illum
2020 1509 2081 1560 et
2098 1502 2161 1560 in
2180 1502 2299 1561 otio

361 1596 435 1655 de
459 1594 700 1673 negotiis
727 1595 978 1672 cogitare
1005 1602 1066 1653 et
1089 1596 1148 1654 in
1173 1595 1477 1654 solitudine
1504 1613 1698 1653 secum
1736 1593 1891 1671 loqui
1916 1591 2149 1650 solitum
2172 1612 2188 1661 ;
2229 1598 2299 1652 ut

361 1702 545 1762 neque
574 1690 822 1741 cessaret
847 1703 1116 1761 unquam,
1145 1691 1206 1744 et
1252 1685 1540 1744 interdum
1580 1682 1859 1760 colloquio
1900 1682 2136 1740 alterius
2176 1701 2297 1741 non

363 1779 574 1853 egeret.
657 1773 862 1850 Itaque
889 1773 1022 1832 duae
1047 1794 1156 1845 res,
1185 1794 1317 1853 quoe
1342 1775 1677 1852 languorem
1704 1772 1948 1830 afferunt
1974 1772 2202 1841 ceteris,
2229 1771 2295 1830 il-

297 1871 334 1922 3
361 1864 482 1923 lum
505 1863 806 1931 acuebant,
826 1863 1010 1922 otium
1036 1871 1096 1924 et
1121 1864 1385 1923 solitudo.
1454 1863 1681 1922 Vellem
1706 1862 1869 1920 nobis
1896 1860 2006 1919 hoc
2032 1860 2192 1920 idem
2210 1862 2296 1920 di-

363 1972 492 2012 cere
519 1953 746 2013 liceret:
789 1953 894 2012 sed
919 1954 968 2012 si
992 1954 1179 2014 minus
1204 1953 1513 2013 imitatione
1542 1959 1762 2010 tantam
1784 1951 1991 2030 ingenii
2016 1958 2297 2028 praestan-

363 2044 503 2105 tiam
531 2044 798 2123 consequi
825 2063 1144 2123 possumus,
1162 2044 1455 2104 voluntate
1483 2050 1635 2103 certe
1664 2042 1919 2121 proxime
1946 2039 2294 2102 accedimus.

297 2140 334 2193 4
364 2136 518 2195 Nam
557 2143 618 2195 et
655 2155 692 2195 a
730 2154 794 2195 re
832 2135 1060 2214 publica
1085 2134 1513 2211 forensibusque
1538 2133 1779 2212 negotiis
1804 2131 1972 2191 armis
1998 2132 2189 2211 impiis
2214 2132 2297 2192 vi-

363 2244 474 2305 que
513 2225 799 2304 prohibiti,
829 2226 1008 2284 otium
1047 2224 1470 2304 persequimur:
1512 2231 1574 2282 et
1600 2224 1676 2282 ob
1703 2240 1831 2281 eam
1868 2240 2121 2290 causam,
2148 2223 2297 2282 urbe

297 2324 335 2376 5
363 2315 578 2383 relicta,
619 2333 753 2372 rura
796 2318 1184 2393 peragrantes,
1233 2316 1389 2395 sae'pe
1428 2314 1535 2373 soli
1580 2332 1795 2372 sumus⁸
1876 2310 1996 2371 Sed
2034 2330 2142 2370 nec
2181 2312 2295 2371 hoc

362 2403 540 2463 otium
567 2421 699 2461 cum
725 2402 980 2461 Africani
1005 2404 1139 2472 otio,
1166 2422 1275 2463 nec
1311 2404 1438 2462 haec
1478 2402 1727 2462 solitudo
1766 2421 1899 2461 cum
1937 2398 2035 2459 illa
2060 2419 2295 2480 compa-

297 2499 334 2553 6
362 2492 542 2551 randa
567 2498 672 2550 est.
754 2491 861 2549 me
887 2493 1038 2551 enim
1061 2493 1421 2571 requiescens
1446 2513 1483 2553 a
1507 2494 1590 2552 rei
1615 2492 1861 2571 publicae
1899 2491 2296 2571 pulcherrimis

363 2580 692 2641 muneribus
731 2580 910 2639 otium
949 2582 1056 2640 sibi
1094 2584 1359 2642 sumebat
1384 2582 1707 2662 aliquandO,
1734 2590 1797 2641 et
1838 2600 1875 2639 a
1913 2588 2072 2641 coetu
2111 2582 2294 2641 homi-

361 2690 500 2729 num
535 2670 964 2749 frequentiaque
989 2672 1294 2742 interdum,
1322 2680 1618 2751 tamquam
1655 2672 1713 2731 in
1752 2678 1999 2751 portum,
2028 2690 2091 2729 se
2116 2672 2177 2730 in
2202 2691 2293 2730 so-

299 2760 333 2821 '1
363 2759 656 2820 litudinem
681 2759 1006 2839 recipiebat.
1090 2761 1368 2821 Nostrum
1394 2771 1589 2821 autem
1627 2762 1807 2822 otium
1844 2761 2059 2841 negotii
2082 2761 2289 2840 inopia,

362 2870 478 2911 non
502 2850 891 2931 requiescendi
915 2851 1123 2922 studi0,
1149 2852 1522 2911 constitutum
1548 2858 1652 2911 est.
1734 2851 2001 2910 Extincto
2028 2851 2180 2909 enim
2206 2870 2289 2911 se-

366 2948 508 3002 natu
544 2942 860 3021 deletisque
895 2941 1138 3020 judiciis,
1168 2941 1308 3020 quid
1336 2950 1441 3010 est,
1470 2941 1625 3020 quod
1654 2940 1893 3020 dignum
1918 2940 2081 3000 nobis
2109 2948 2212 3000 aut
2236 2941 2292 3000 in

299 3038 336 3091 8
364 3033 519 3092 curia
543 3040 646 3091 aut
669 3033 728 3092 in
753 3033 878 3091 foro
901 3050 1074 3111 agere
1101 3032 1387 3110 possimus
1404 3032 1433 3090 ‘2
1492 3024 1623 3101 Ita,
1652 3030 1750 3109 qui
1774 3032 1833 3090 in
1858 3030 2107 3089 maxima
2148 3032 2289 3090 cele-

366 3122 576 3181 britate
601 3129 774 3200 atque
813 3122 872 3181 in
910 3122 1090 3181 oculis
1129 3122 1335 3181 civium
1360 3120 1649 3200 quondam
1674 3121 1996 3190 vixerimus,
2023 3139 2177 3179 nunc
2204 3121 2289 3179 fu-

361 3211 582 3289 gientes
629 3218 998 3289 conspectum
1040 3212 1460 3280 sceleratorum,
1489 3212 1695 3290 quibus
1723 3210 1911 3269 omnia
1948 3210 2289 3280 redundant,

299 3304 334 3359 9
364 3299 626 3359 abdimus
652 3318 774 3367 nos,
804 3308 1080 3378 quantum
1118 3301 1269 3370 licet,
1304 3308 1365 3361 et
1404 3320 1559 3379 saepe
1586 3300 1691 3359 soli
1716 3320 1929 3359 sumus.
2012 3300 2133 3359 Sed
2160 3292 2293 3379 quia

364 3388 444 3447 sic
471 3390 546 3448 ab
572 3387 894 3449 hominibus
921 3391 1106 3449 doctis
1133 3392 1479 3469 accepimus,
1508 3410 1623 3449 non
1646 3390 1833 3450 solum
1874 3409 1946 3449 ex
1984 3391 2155 3449 malis
2194 3391 2291 3451 eli-

361 3496 498 3557 gere
526 3477 756 3537 minima
781 3486 1073 3557 oportere;
1115 3478 1216 3537 sed
1258 3481 1431 3540 etiam
1470 3499 1774 3560 excerpere
1814 3498 1888 3539 ex
1928 3480 2019 3538 his
2058 3480 2217 3559 ipsis,
2246 3482 2292 3540 si

363 3568 501 3647 quid
544 3568 754 3627 inesset
795 3568 958 3627 boni:
1002 3574 1309 3647 propterea
1334 3577 1395 3630 et
1420 3572 1535 3632 otio
1560 3572 1734 3638 fruor,
1764 3588 1877 3628 non
1917 3570 2015 3629 ino
2041 3570 2293 3648 quidem,

361 3677 479 3738 quo
503 3658 754 3719 debebat
777 3658 844 3728 is,
871 3658 970 3737 qui
995 3657 1287 3737 quondam
1327 3662 1643 3739 peperisset
1680 3660 1861 3720 otium
1898 3660 2147 3731 civitam
2187 3680 2296 3722 nec
