<?xml version="1.0" encoding="UTF-8"?>
<!DOCTYPE html PUBLIC "-//W3C//DTD XHTML 1.0 Transitional//EN"
    "http://www.w3.org/TR/xhtml1/DTD/xhtml1-transitional.dtd">
<html xmlns="http://www.w3.org/1999/xhtml" xml:lang="en" lang="en">
 <head>
  <title>
</title>
<meta http-equiv="Content-Type" content="text/html;charset=utf-8" />
  <meta name='ocr-system' content='tesseract 3.04.00' />
  <meta name='ocr-capabilities' content='ocr_page ocr_carea ocr_par ocr_line ocrx_word'/>
</head>
<body>
  <div class='ocr_page' id='page_1' title='image "./mtulliciceronis00unkngoog_0107.png"; bbox 0 0 2484 4175; ppageno 0'>
   <div class='ocr_carea' id='block_1_1' title="bbox 913 252 2215 342">
    <p class='ocr_par' dir='ltr' id='par_1_1' title="bbox 913 252 2215 342">
     <span class='ocr_line' id='line_1_1' title="bbox 913 252 2215 342; baseline 0 0"><span class='ocrx_word' id='word_1_1' title='bbox 913 301 1088 342; x_wconf 74' lang='lat' dir='ltr'><strong>mna</strong></span> <span class='ocrx_word' id='word_1_2' title='bbox 1114 300 1200 342; x_wconf 88' lang='lat'><em>111.</em></span> <span class='ocrx_word' id='word_1_3' title='bbox 1284 298 1417 341; x_wconf 72' lang='lat' dir='ltr'><strong>ou».</strong></span> <span class='ocrx_word' id='word_1_4' title='bbox 1447 301 1503 341; x_wconf 82' lang='lat' dir='ltr'><strong>v.</strong></span> <span class='ocrx_word' id='word_1_5' title='bbox 1634 252 1648 274; x_wconf 46' lang='grc' dir='ltr'><em>Ι</em></span> <span class='ocrx_word' id='word_1_6' title='bbox 2141 287 2215 342; x_wconf 79' lang='grc'><strong>91</strong></span> 
     </span>
    </p>
   </div>
   <div class='ocr_carea' id='block_1_2' title="bbox 178 427 2215 1298">
    <p class='ocr_par' dir='ltr' id='par_1_2' title="bbox 178 427 2215 1298">
     <span class='ocr_line' id='line_1_2' title="bbox 181 427 2214 508; baseline 0.001 -20"><span class='ocrx_word' id='word_1_7' title='bbox 181 429 330 488; x_wconf 86' lang='lat' dir='ltr'><strong>tatio</strong></span> <span class='ocrx_word' id='word_1_8' title='bbox 358 429 580 498; x_wconf 85' lang='lat' dir='ltr'><strong>accidit,</strong></span> <span class='ocrx_word' id='word_1_9' title='bbox 609 429 778 508; x_wconf 85' lang='lat' dir='ltr'><strong>quale</strong></span> <span class='ocrx_word' id='word_1_10' title='bbox 805 430 880 489; x_wconf 89' lang='lat' dir='ltr'><strong>sit</strong></span> <span class='ocrx_word' id='word_1_11' title='bbox 903 429 982 499; x_wconf 88' lang='lat' dir='ltr'><strong>id,</strong></span> <span class='ocrx_word' id='word_1_12' title='bbox 1013 430 1086 488; x_wconf 89' lang='lat' dir='ltr'><strong>de</strong></span> <span class='ocrx_word' id='word_1_13' title='bbox 1111 449 1228 508; x_wconf 87' lang='lat' dir='ltr'><strong>quo</strong></span> <span class='ocrx_word' id='word_1_14' title='bbox 1256 429 1655 490; x_wconf 76' lang='lat' dir='ltr'><strong>consideretur.</strong></span> <span class='ocrx_word' id='word_1_15' title='bbox 1736 427 2113 508; x_wconf 82' lang='lat' dir='ltr'><strong>Saepe‘enim·</strong></span> <span class='ocrx_word' id='word_1_16' title='bbox 2143 435 2214 490; x_wconf 90' lang='lat'><strong>11</strong></span> 
     </span>
     <span class='ocr_line' id='line_1_3' title="bbox 179 518 2113 599; baseline 0 -21"><span class='ocrx_word' id='word_1_17' title='bbox 179 525 448 598; x_wconf 86' lang='lat' dir='ltr'><strong>tempore</strong></span> <span class='ocrx_word' id='word_1_18' title='bbox 475 521 557 589; x_wconf 89' lang='lat' dir='ltr'><strong>fit,</strong></span> <span class='ocrx_word' id='word_1_19' title='bbox 579 527 662 589; x_wconf 88' lang='lat' dir='ltr'><strong>ut,</strong></span> <span class='ocrx_word' id='word_1_20' title='bbox 683 520 840 598; x_wconf 91' lang='lat' dir='ltr'><strong>quod</strong></span> <span class='ocrx_word' id='word_1_21' title='bbox 865 527 1034 598; x_wconf 86' lang='lat' dir='ltr'><strong>turpe</strong></span> <span class='ocrx_word' id='word_1_22' title='bbox 1062 520 1401 599; x_wconf 88' lang='lat' dir='ltr'><strong>plerumque</strong></span> <span class='ocrx_word' id='word_1_23' title='bbox 1424 519 1623 578; x_wconf 85' lang='lat' dir='ltr'><strong>haberi</strong></span> <span class='ocrx_word' id='word_1_24' title='bbox 1648 518 1845 588; x_wconf 84' lang='lat' dir='ltr'><strong>soleat,</strong></span> <span class='ocrx_word' id='word_1_25' title='bbox 1868 519 2113 578; x_wconf 85' lang='lat' dir='ltr'><strong>invenia-</strong></span> 
     </span>
     <span class='ocr_line' id='line_1_4' title="bbox 179 608 2112 688; baseline 0.001 -21"><span class='ocrx_word' id='word_1_26' title='bbox 179 617 282 668; x_wconf 88' lang='lat' dir='ltr'><strong>tur</strong></span> <span class='ocrx_word' id='word_1_27' title='bbox 320 629 436 668; x_wconf 90' lang='lat' dir='ltr'><strong>non</strong></span> <span class='ocrx_word' id='word_1_28' title='bbox 473 629 600 668; x_wconf 89' lang='lat' dir='ltr'><strong>esse</strong></span> <span class='ocrx_word' id='word_1_29' title='bbox 639 617 825 688; x_wconf 81' lang='lat' dir='ltr'><strong>turpe.</strong></span> <span class='ocrx_word' id='word_1_30' title='bbox 907 610 1172 688; x_wconf 80' lang='lat' dir='ltr'><strong>Exempli</strong></span> <span class='ocrx_word' id='word_1_31' title='bbox 1211 629 1385 669; x_wconf 87' lang='lat' dir='ltr'><strong>causa</strong></span> <span class='ocrx_word' id='word_1_32' title='bbox 1420 616 1666 688; x_wconf 87' lang='lat' dir='ltr'><strong>ponatur</strong></span> <span class='ocrx_word' id='word_1_33' title='bbox 1694 609 1925 685; x_wconf 83' lang='lat' dir='ltr'><strong>aliquid,</strong></span> <span class='ocrx_word' id='word_1_34' title='bbox 1956 608 2112 687; x_wconf 88' lang='lat' dir='ltr'><strong>quod</strong></span> 
     </span>
     <span class='ocr_line' id='line_1_5' title="bbox 181 699 2215 778; baseline 0 -20"><span class='ocrx_word' id='word_1_35' title='bbox 181 706 384 778; x_wconf 85' lang='lat' dir='ltr'><strong>pateat</strong></span> <span class='ocrx_word' id='word_1_36' title='bbox 401 700 586 758; x_wconf 83' lang='lat' dir='ltr'><strong>latius.</strong></span> <span class='ocrx_word' id='word_1_37' title='bbox 647 700 818 771; x_wconf 82' lang='lat' dir='ltr'><strong>Quod</strong></span> <span class='ocrx_word' id='word_1_38' title='bbox 837 707 1032 778; x_wconf 90' lang='lat' dir='ltr'><strong>potest</strong></span> <span class='ocrx_word' id='word_1_39' title='bbox 1049 700 1236 778; x_wconf 79' lang='lat' dir='ltr'><strong>majus</strong></span> <span class='ocrx_word' id='word_1_40' title='bbox 1258 718 1381 758; x_wconf 87' lang='lat' dir='ltr'><strong>esse</strong></span> <span class='ocrx_word' id='word_1_41' title='bbox 1399 699 1601 767; x_wconf 88' lang='lat' dir='ltr'><strong>scelus,</strong></span> <span class='ocrx_word' id='word_1_42' title='bbox 1619 717 1793 776; x_wconf 89' lang='lat' dir='ltr'><strong>quam</strong></span> <span class='ocrx_word' id='word_1_43' title='bbox 1810 718 1925 758; x_wconf 87' lang='lat' dir='ltr'><strong>non</strong></span> <span class='ocrx_word' id='word_1_44' title='bbox 1940 699 2113 758; x_wconf 90' lang='lat' dir='ltr'><strong>modo</strong></span> <span class='ocrx_word' id='word_1_45' title='bbox 2144 705 2215 760; x_wconf 82' lang='lat'><strong>12</strong></span> 
     </span>
     <span class='ocr_line' id='line_1_6' title="bbox 179 787 2113 858; baseline -0.001 -11"><span class='ocrx_word' id='word_1_46' title='bbox 179 790 488 858; x_wconf 89' lang='lat' dir='ltr'><strong>hominem,</strong></span> <span class='ocrx_word' id='word_1_47' title='bbox 527 789 630 848; x_wconf 90' lang='lat' dir='ltr'><strong>sed</strong></span> <span class='ocrx_word' id='word_1_48' title='bbox 671 790 840 848; x_wconf 85' lang='lat' dir='ltr'><strong>etiam</strong></span> <span class='ocrx_word' id='word_1_49' title='bbox 877 788 1210 848; x_wconf 79' lang='lat' dir='ltr'><strong>familiarem</strong></span> <span class='ocrx_word' id='word_1_50' title='bbox 1250 788 1535 848; x_wconf 88' lang='lat' dir='ltr'><strong>hominem</strong></span> <span class='ocrx_word' id='word_1_51' title='bbox 1572 787 1873 848; x_wconf 77' lang='lat' dir='ltr'><strong>occidere?</strong></span> <span class='ocrx_word' id='word_1_52' title='bbox 1954 788 2113 847; x_wconf 82' lang='lat' dir='ltr'><strong>Num</strong></span> 
     </span>
     <span class='ocr_line' id='line_1_7' title="bbox 178 877 2115 958; baseline 0 -21"><span class='ocrx_word' id='word_1_53' title='bbox 178 879 360 958; x_wconf 85' lang='lat' dir='ltr'><strong>igitur</strong></span> <span class='ocrx_word' id='word_1_54' title='bbox 398 898 460 936; x_wconf 89' lang='lat' dir='ltr'><strong>se</strong></span> <span class='ocrx_word' id='word_1_55' title='bbox 499 879 755 938; x_wconf 78' lang='lat' dir='ltr'><strong>astrinxit</strong></span> <span class='ocrx_word' id='word_1_56' title='bbox 793 880 1023 948; x_wconf 88' lang='lat' dir='ltr'><strong>scelere,</strong></span> <span class='ocrx_word' id='word_1_57' title='bbox 1052 879 1226 956; x_wconf 87' lang='lat' dir='ltr'><strong>siqui</strong></span> <span class='ocrx_word' id='word_1_58' title='bbox 1262 885 1567 958; x_wconf 77' lang='lat' dir='ltr'><strong>tyrannum</strong></span> <span class='ocrx_word' id='word_1_59' title='bbox 1603 877 1825 947; x_wconf 84' lang='lat' dir='ltr'><strong>occidit,</strong></span> <span class='ocrx_word' id='word_1_60' title='bbox 1854 878 2115 957; x_wconf 81' lang='lat' dir='ltr'><strong>quamvis</strong></span> 
     </span>
     <span class='ocr_line' id='line_1_8' title="bbox 178 966 2215 1046; baseline 0 -20"><span class='ocrx_word' id='word_1_61' title='bbox 178 968 562 1028; x_wconf 76' lang='lat' dir='ltr'><strong>familiarem?</strong></span> <span class='ocrx_word' id='word_1_62' title='bbox 643 969 869 1046; x_wconf 90' lang='lat' dir='ltr'><strong>Populo</strong></span> <span class='ocrx_word' id='word_1_63' title='bbox 908 968 1138 1046; x_wconf 89' lang='lat' dir='ltr'><strong>quidem</strong></span> <span class='ocrx_word' id='word_1_64' title='bbox 1183 969 1444 1028; x_wconf 86' lang='lat' dir='ltr'><strong>Romano</strong></span> <span class='ocrx_word' id='word_1_65' title='bbox 1480 986 1597 1026; x_wconf 87' lang='lat' dir='ltr'><strong>non</strong></span> <span class='ocrx_word' id='word_1_66' title='bbox 1634 966 1875 1036; x_wconf 86' lang='lat' dir='ltr'><strong>videtur,</strong></span> <span class='ocrx_word' id='word_1_67' title='bbox 1903 967 2001 1045; x_wconf 87' lang='lat' dir='ltr'><strong>qui</strong></span> <span class='ocrx_word' id='word_1_68' title='bbox 2040 986 2112 1025; x_wconf 92' lang='lat' dir='ltr'><strong>ex</strong></span> <span class='ocrx_word' id='word_1_69' title='bbox 2144 973 2215 1026; x_wconf 83' lang='lat'><strong>13</strong></span> 
     </span>
     <span class='ocr_line' id='line_1_9' title="bbox 181 1053 2115 1136; baseline 0 -20"><span class='ocrx_word' id='word_1_70' title='bbox 181 1059 448 1118; x_wconf 86' lang='lat' dir='ltr'><strong>omnibus</strong></span> <span class='ocrx_word' id='word_1_71' title='bbox 475 1058 758 1136; x_wconf 81' lang='lat' dir='ltr'><strong>praeclaris</strong></span> <span class='ocrx_word' id='word_1_72' title='bbox 784 1053 952 1118; x_wconf 85' lang='lat' dir='ltr'><strong>factis</strong></span> <span class='ocrx_word' id='word_1_73' title='bbox 971 1057 1114 1117; x_wconf 86' lang='lat' dir='ltr'><strong>illud</strong></span> <span class='ocrx_word' id='word_1_74' title='bbox 1140 1057 1583 1136; x_wconf 87' lang='lat' dir='ltr'><strong>pulcherrimum</strong></span> <span class='ocrx_word' id='word_1_75' title='bbox 1603 1056 1903 1116; x_wconf 84' lang='lat' dir='ltr'><strong>existimat.</strong></span> <span class='ocrx_word' id='word_1_76' title='bbox 1959 1057 2115 1116; x_wconf 89' lang='lat' dir='ltr'><strong>Vicit</strong></span> 
     </span>
     <span class='ocr_line' id='line_1_10' title="bbox 179 1145 2115 1226; baseline 0 -20"><span class='ocrx_word' id='word_1_77' title='bbox 179 1167 326 1226; x_wconf 88' lang='lat' dir='ltr'><strong>ergo</strong></span> <span class='ocrx_word' id='word_1_78' title='bbox 352 1147 564 1206; x_wconf 87' lang='lat' dir='ltr'><strong>utilitas</strong></span> <span class='ocrx_word' id='word_1_79' title='bbox 590 1148 948 1208; x_wconf 74' lang='lat' dir='ltr'><strong>honestatem</strong></span> <span class='ocrx_word' id='word_1_80' title='bbox 963 1148 992 1206; x_wconf 74' lang='lat'><strong>‘2</strong></span> <span class='ocrx_word' id='word_1_81' title='bbox 1052 1148 1238 1208; x_wconf 89' lang='lat' dir='ltr'><strong>Immo</strong></span> <span class='ocrx_word' id='word_1_82' title='bbox 1257 1166 1392 1206; x_wconf 81' lang='lat' dir='ltr'><strong>vero</strong></span> <span class='ocrx_word' id='word_1_83' title='bbox 1410 1147 1769 1206; x_wconf 81' lang='lat' dir='ltr'><strong>honestatem</strong></span> <span class='ocrx_word' id='word_1_84' title='bbox 1788 1145 2003 1206; x_wconf 84' lang='lat' dir='ltr'><strong>utilitas</strong></span> <span class='ocrx_word' id='word_1_85' title='bbox 2023 1152 2115 1206; x_wconf 87' lang='lat' dir='ltr'><strong>est</strong></span> 
     </span>
     <span class='ocr_line' id='line_1_11' title="bbox 181 1243 509 1298; baseline 0.003 -2"><span class='ocrx_word' id='word_1_86' title='bbox 181 1243 509 1298; x_wconf 86' lang='lat' dir='ltr'><strong>consecuta.</strong></span> 
     </span>
    </p>
   </div>
   <div class='ocr_carea' id='block_1_3' title="bbox 176 1415 2217 2665">
    <p class='ocr_par' dir='ltr' id='par_1_3' title="bbox 176 1415 2217 2665">
     <span class='ocr_line' id='line_1_12' title="bbox 263 1415 2217 1496; baseline 0 -20"><span class='ocrx_word' id='word_1_87' title='bbox 263 1417 489 1495; x_wconf 81' lang='lat' dir='ltr'><strong>Itaque,</strong></span> <span class='ocrx_word' id='word_1_88' title='bbox 516 1425 586 1477; x_wconf 88' lang='lat' dir='ltr'><strong>ut</strong></span> <span class='ocrx_word' id='word_1_89' title='bbox 611 1417 731 1476; x_wconf 88' lang='lat' dir='ltr'><strong>sine</strong></span> <span class='ocrx_word' id='word_1_90' title='bbox 757 1417 876 1477; x_wconf 86' lang='lat' dir='ltr'><strong>ullo</strong></span> <span class='ocrx_word' id='word_1_91' title='bbox 911 1437 1098 1477; x_wconf 89' lang='lat' dir='ltr'><strong>errore</strong></span> <span class='ocrx_word' id='word_1_92' title='bbox 1125 1416 1437 1496; x_wconf 87' lang='lat' dir='ltr'><strong>dijudicare</strong></span> <span class='ocrx_word' id='word_1_93' title='bbox 1477 1416 1779 1496; x_wconf 86' lang='lat' dir='ltr'><strong>possimus,</strong></span> <span class='ocrx_word' id='word_1_94' title='bbox 1808 1415 1857 1474; x_wconf 87' lang='lat' dir='ltr'><strong>si</strong></span> <span class='ocrx_word' id='word_1_95' title='bbox 1882 1415 2113 1494; x_wconf 87' lang='lat' dir='ltr'><strong>quando</strong></span> <span class='ocrx_word' id='word_1_96' title='bbox 2143 1420 2217 1476; x_wconf 77' lang='lat'><strong>14</strong></span> 
     </span>
     <span class='ocr_line' id='line_1_13' title="bbox 183 1506 2111 1587; baseline 0 -21"><span class='ocrx_word' id='word_1_97' title='bbox 183 1527 318 1567; x_wconf 82' lang='lat' dir='ltr'><strong>cum</strong></span> <span class='ocrx_word' id='word_1_98' title='bbox 345 1508 462 1576; x_wconf 86' lang='lat' dir='ltr'><strong>illo,</strong></span> <span class='ocrx_word' id='word_1_99' title='bbox 491 1508 648 1585; x_wconf 87' lang='lat' dir='ltr'><strong>quod</strong></span> <span class='ocrx_word' id='word_1_100' title='bbox 685 1507 992 1568; x_wconf 88' lang='lat' dir='ltr'><strong>honestum</strong></span> <span class='ocrx_word' id='word_1_101' title='bbox 1028 1508 1416 1586; x_wconf 86' lang='lat' dir='ltr'><strong>intelligimus,</strong></span> <span class='ocrx_word' id='word_1_102' title='bbox 1446 1525 1703 1587; x_wconf 85' lang='lat' dir='ltr'><strong>pugnare</strong></span> <span class='ocrx_word' id='word_1_103' title='bbox 1726 1506 1788 1565; x_wconf 91' lang='lat' dir='ltr'><strong>id</strong></span> <span class='ocrx_word' id='word_1_104' title='bbox 1811 1506 2111 1576; x_wconf 84' lang='lat' dir='ltr'><strong>videbitur,</strong></span> 
     </span>
     <span class='ocr_line' id='line_1_14' title="bbox 185 1596 2112 1701; baseline -0.001 -45"><span class='ocrx_word' id='word_1_105' title='bbox 185 1597 344 1676; x_wconf 84' lang='lat' dir='ltr'><strong>quod</strong></span> <span class='ocrx_word' id='word_1_106' title='bbox 384 1598 743 1701; x_wconf 82' lang='lat' dir='ltr'><strong>appellamus</strong></span> <span class='ocrx_word' id='word_1_107' title='bbox 779 1598 936 1666; x_wconf 88' lang='lat' dir='ltr'><strong>utile,</strong></span> <span class='ocrx_word' id='word_1_108' title='bbox 979 1597 1226 1656; x_wconf 86' lang='lat' dir='ltr'><strong>formula</strong></span> <span class='ocrx_word' id='word_1_109' title='bbox 1265 1597 1531 1675; x_wconf 83' lang='lat' dir='ltr'><strong>quaedam</strong></span> <span class='ocrx_word' id='word_1_110' title='bbox 1570 1596 1965 1656; x_wconf 86' lang='lat' dir='ltr'><strong>constituenda</strong></span> <span class='ocrx_word' id='word_1_111' title='bbox 2004 1603 2112 1666; x_wconf 87' lang='lat' dir='ltr'><strong>est,</strong></span> 
     </span>
     <span class='ocr_line' id='line_1_15' title="bbox 183 1686 2111 1766; baseline 0.001 -21"><span class='ocrx_word' id='word_1_112' title='bbox 183 1707 358 1765; x_wconf 84' lang='lat' dir='ltr'><strong>quam</strong></span> <span class='ocrx_word' id='word_1_113' title='bbox 399 1687 448 1746; x_wconf 90' lang='lat' dir='ltr'><strong>si</strong></span> <span class='ocrx_word' id='word_1_114' title='bbox 486 1707 790 1766; x_wconf 86' lang='lat' dir='ltr'><strong>sequemur</strong></span> <span class='ocrx_word' id='word_1_115' title='bbox 831 1688 891 1746; x_wconf 89' lang='lat' dir='ltr'><strong>in</strong></span> <span class='ocrx_word' id='word_1_116' title='bbox 943 1687 1360 1766; x_wconf 85' lang='lat' dir='ltr'><strong>comparatione</strong></span> <span class='ocrx_word' id='word_1_117' title='bbox 1399 1707 1607 1755; x_wconf 89' lang='lat' dir='ltr'><strong>rerum,</strong></span> <span class='ocrx_word' id='word_1_118' title='bbox 1634 1687 1711 1748; x_wconf 87' lang='lat' dir='ltr'><strong>ab</strong></span> <span class='ocrx_word' id='word_1_119' title='bbox 1749 1686 1931 1746; x_wconf 88' lang='lat' dir='ltr'><strong>officio</strong></span> <span class='ocrx_word' id='word_1_120' title='bbox 1970 1706 2111 1746; x_wconf 86' lang='lat' dir='ltr'><strong>nun-</strong></span> 
     </span>
     <span class='ocr_line' id='line_1_16' title="bbox 181 1776 2215 1854; baseline 0 -18"><span class='ocrx_word' id='word_1_121' title='bbox 181 1797 358 1854; x_wconf 86' lang='lat' dir='ltr'><strong>quam</strong></span> <span class='ocrx_word' id='word_1_122' title='bbox 379 1777 732 1837; x_wconf 87' lang='lat' dir='ltr'><strong>recedemus.</strong></span> <span class='ocrx_word' id='word_1_123' title='bbox 799 1777 925 1836; x_wconf 84' lang='lat' dir='ltr'><strong>Erit</strong></span> <span class='ocrx_word' id='word_1_124' title='bbox 945 1784 1139 1838; x_wconf 88' lang='lat' dir='ltr'><strong>autem</strong></span> <span class='ocrx_word' id='word_1_125' title='bbox 1159 1777 1287 1836; x_wconf 79' lang='lat' dir='ltr'><strong>haec</strong></span> <span class='ocrx_word' id='word_1_126' title='bbox 1305 1777 1549 1836; x_wconf 85' lang='lat' dir='ltr'><strong>formula</strong></span> <span class='ocrx_word' id='word_1_127' title='bbox 1568 1777 1891 1836; x_wconf 82' lang='lat' dir='ltr'><strong>Stoicorum</strong></span> <span class='ocrx_word' id='word_1_128' title='bbox 1910 1776 2113 1836; x_wconf 86' lang='lat' dir='ltr'><strong>rationi</strong></span> <span class='ocrx_word' id='word_1_129' title='bbox 2141 1782 2215 1836; x_wconf 85' lang='lat'><strong>15</strong></span> 
     </span>
     <span class='ocr_line' id='line_1_17' title="bbox 179 1865 2111 1946; baseline 0.001 -21"><span class='ocrx_word' id='word_1_130' title='bbox 179 1866 610 1945; x_wconf 83' lang='lat' dir='ltr'><strong>disciplinaeque</strong></span> <span class='ocrx_word' id='word_1_131' title='bbox 645 1867 888 1926; x_wconf 85' lang='lat' dir='ltr'><strong>maxime</strong></span> <span class='ocrx_word' id='word_1_132' title='bbox 929 1874 1341 1926; x_wconf 86' lang='lat' dir='ltr'><strong>consentanea:</strong></span> <span class='ocrx_word' id='word_1_133' title='bbox 1382 1885 1555 1946; x_wconf 84' lang='lat' dir='ltr'><strong>quam</strong></span> <span class='ocrx_word' id='word_1_134' title='bbox 1580 1865 1813 1945; x_wconf 83' lang='lat' dir='ltr'><strong>quidem</strong></span> <span class='ocrx_word' id='word_1_135' title='bbox 1839 1867 1929 1924; x_wconf 87' lang='lat' dir='ltr'><strong>his</strong></span> <span class='ocrx_word' id='word_1_136' title='bbox 1954 1867 2111 1926; x_wconf 80' lang='lat' dir='ltr'><strong>libris</strong></span> 
     </span>
     <span class='ocr_line' id='line_1_18' title="bbox 179 1956 2113 2036; baseline 0.001 -22"><span class='ocrx_word' id='word_1_137' title='bbox 179 1967 490 2034; x_wconf 84' lang='lat' dir='ltr'><strong>propterea</strong></span> <span class='ocrx_word' id='word_1_138' title='bbox 517 1957 822 2035; x_wconf 70' lang='lat' dir='ltr'><strong>sequimur,</strong></span> <span class='ocrx_word' id='word_1_139' title='bbox 851 1957 1025 2036; x_wconf 89' lang='lat' dir='ltr'><strong>quod,</strong></span> <span class='ocrx_word' id='word_1_140' title='bbox 1055 1975 1403 2035; x_wconf 83' lang='lat' dir='ltr'><strong>quamquam</strong></span> <span class='ocrx_word' id='word_1_141' title='bbox 1430 1962 1489 2014; x_wconf 93' lang='lat' dir='ltr'><strong>et</strong></span> <span class='ocrx_word' id='word_1_142' title='bbox 1512 1974 1549 2013; x_wconf 89' lang='lat' dir='ltr'><strong>a</strong></span> <span class='ocrx_word' id='word_1_143' title='bbox 1573 1956 1861 2014; x_wconf 82' lang='lat' dir='ltr'><strong>veteribus</strong></span> <span class='ocrx_word' id='word_1_144' title='bbox 1886 1956 2113 2016; x_wconf 86' lang='lat' dir='ltr'><strong>Acade·</strong></span> 
     </span>
     <span class='ocr_line' id='line_1_19' title="bbox 176 2043 2111 2126; baseline -0.004 -16"><span class='ocrx_word' id='word_1_145' title='bbox 176 2046 341 2110; x_wconf 82' lang='lat' dir='ltr'><strong>micis</strong></span> <span class='ocrx_word' id='word_1_146' title='bbox 361 2053 422 2106; x_wconf 92' lang='lat' dir='ltr'><strong>et</strong></span> <span class='ocrx_word' id='word_1_147' title='bbox 449 2065 486 2105; x_wconf 87' lang='lat' dir='ltr'><strong>a</strong></span> <span class='ocrx_word' id='word_1_148' title='bbox 511 2047 904 2126; x_wconf 80' lang='lat' dir='ltr'><strong>Peripateticis</strong></span> <span class='ocrx_word' id='word_1_149' title='bbox 925 2048 1144 2117; x_wconf 82' lang='lat' dir='ltr'><strong>vestris,</strong></span> <span class='ocrx_word' id='word_1_150' title='bbox 1166 2046 1265 2126; x_wconf 90' lang='lat' dir='ltr'><strong>qui</strong></span> <span class='ocrx_word' id='word_1_151' title='bbox 1281 2044 1569 2124; x_wconf 87' lang='lat' dir='ltr'><strong>quondam</strong></span> <span class='ocrx_word' id='word_1_152' title='bbox 1586 2043 1757 2103; x_wconf 89' lang='lat' dir='ltr'><strong>iidem</strong></span> <span class='ocrx_word' id='word_1_153' title='bbox 1784 2051 1961 2113; x_wconf 88' lang='lat' dir='ltr'><strong>erant,</strong></span> <span class='ocrx_word' id='word_1_154' title='bbox 1984 2061 2111 2122; x_wconf 73' lang='lat' dir='ltr'><strong>quoe</strong></span> 
     </span>
     <span class='ocr_line' id='line_1_20' title="bbox 177 2134 2113 2217; baseline -0.001 -22"><span class='ocrx_word' id='word_1_155' title='bbox 177 2138 425 2197; x_wconf 85' lang='lat' dir='ltr'><strong>honesta</strong></span> <span class='ocrx_word' id='word_1_156' title='bbox 463 2144 598 2195; x_wconf 89' lang='lat' dir='ltr'><strong>sunt</strong></span> <span class='ocrx_word' id='word_1_157' title='bbox 637 2145 1061 2217; x_wconf 85' lang='lat' dir='ltr'><strong>anteponuntur</strong></span> <span class='ocrx_word' id='word_1_158' title='bbox 1099 2138 1184 2207; x_wconf 87' lang='lat' dir='ltr'><strong>iis,</strong></span> <span class='ocrx_word' id='word_1_159' title='bbox 1212 2156 1345 2215; x_wconf 81' lang='lat' dir='ltr'><strong>quae</strong></span> <span class='ocrx_word' id='word_1_160' title='bbox 1382 2135 1645 2195; x_wconf 83' lang='lat' dir='ltr'><strong>videntur</strong></span> <span class='ocrx_word' id='word_1_161' title='bbox 1684 2134 1881 2202; x_wconf 87' lang='lat' dir='ltr'><strong>utilia;</strong></span> <span class='ocrx_word' id='word_1_162' title='bbox 1922 2141 2113 2193; x_wconf 87' lang='lat' dir='ltr'><strong>tamen</strong></span> 
     </span>
     <span class='ocr_line' id='line_1_21' title="bbox 179 2223 2111 2306; baseline -0.002 -21"><span class='ocrx_word' id='word_1_163' title='bbox 179 2224 536 2306; x_wconf 86' lang='lat' dir='ltr'><strong>splendidius</strong></span> <span class='ocrx_word' id='word_1_164' title='bbox 561 2228 688 2285; x_wconf 80' lang='lat' dir='ltr'><strong>haec</strong></span> <span class='ocrx_word' id='word_1_165' title='bbox 715 2228 792 2287; x_wconf 93' lang='lat' dir='ltr'><strong>ab</strong></span> <span class='ocrx_word' id='word_1_166' title='bbox 811 2228 891 2285; x_wconf 88' lang='lat' dir='ltr'><strong>eis</strong></span> <span class='ocrx_word' id='word_1_167' title='bbox 913 2227 1283 2295; x_wconf 85' lang='lat' dir='ltr'><strong>disseruntur,</strong></span> <span class='ocrx_word' id='word_1_168' title='bbox 1312 2226 1535 2303; x_wconf 78' lang='lat' dir='ltr'><strong>quibuS,</strong></span> <span class='ocrx_word' id='word_1_169' title='bbox 1564 2244 1602 2302; x_wconf 91' lang='lat' dir='ltr'><strong>q</strong></span> <span class='ocrx_word' id='word_1_170' title='bbox 1616 2245 1657 2283; x_wconf 92' lang='grc' dir='ltr'><strong>ιι</strong></span> <span class='ocrx_word' id='word_1_171' title='bbox 1673 2223 1692 2282; x_wconf 93' lang='lat' dir='ltr'><strong>i</strong></span> <span class='ocrx_word' id='word_1_172' title='bbox 1710 2244 1741 2282; x_wconf 93' lang='lat' dir='ltr'><strong>c</strong></span> <span class='ocrx_word' id='word_1_173' title='bbox 1758 2244 1796 2301; x_wconf 93' lang='lat' dir='ltr'>q</span> <span class='ocrx_word' id='word_1_174' title='bbox 1812 2244 1853 2282; x_wconf 92' lang='lat' dir='ltr'><strong>u</strong></span> <span class='ocrx_word' id='word_1_175' title='bbox 1868 2224 1941 2282; x_wconf 87' lang='lat' dir='ltr'><strong>id</strong></span> <span class='ocrx_word' id='word_1_176' title='bbox 1980 2225 2019 2282; x_wconf 92' lang='lat' dir='ltr'><strong>h</strong></span> <span class='ocrx_word' id='word_1_177' title='bbox 2038 2243 2111 2282; x_wconf 90' lang='lat' dir='ltr'><strong>o-</strong></span> 
     </span>
     <span class='ocr_line' id='line_1_22' title="bbox 179 2302 2111 2392; baseline -0.002 -15"><span class='ocrx_word' id='word_1_178' title='bbox 179 2323 492 2377; x_wconf 85' lang='lat' dir='ltr'><strong>nestum</strong></span> <span class='ocrx_word' id='word_1_179' title='bbox 530 2324 667 2385; x_wconf 88' lang='lat' dir='ltr'><strong>est,</strong></span> <span class='ocrx_word' id='word_1_180' title='bbox 709 2302 910 2377; x_wconf 91' lang='lat' dir='ltr'><strong>idem</strong></span> <span class='ocrx_word' id='word_1_181' title='bbox 947 2317 1150 2377; x_wconf 89' lang='lat' dir='ltr'><strong>utile</strong></span> <span class='ocrx_word' id='word_1_182' title='bbox 1189 2316 1434 2385; x_wconf 81' lang='lat' dir='ltr'><strong>videtur,</strong></span> <span class='ocrx_word' id='word_1_183' title='bbox 1474 2335 1615 2375; x_wconf 89' lang='lat' dir='ltr'><strong>nec</strong></span> <span class='ocrx_word' id='word_1_184' title='bbox 1654 2314 1857 2374; x_wconf 89' lang='lat' dir='ltr'><strong>utile</strong></span> <span class='ocrx_word' id='word_1_185' title='bbox 1896 2314 2111 2392; x_wconf 81' lang='lat' dir='ltr'><strong>quic-</strong></span> 
     </span>
     <span class='ocr_line' id='line_1_23' title="bbox 179 2404 2112 2485; baseline -0.001 -20"><span class='ocrx_word' id='word_1_186' title='bbox 179 2426 436 2485; x_wconf 89' lang='lat' dir='ltr'><strong>quam,</strong></span> <span class='ocrx_word' id='word_1_187' title='bbox 476 2407 676 2484; x_wconf 90' lang='lat' dir='ltr'><strong>quod</strong></span> <span class='ocrx_word' id='word_1_188' title='bbox 727 2426 874 2466; x_wconf 90' lang='lat' dir='ltr'><strong>non</strong></span> <span class='ocrx_word' id='word_1_189' title='bbox 915 2406 1371 2475; x_wconf 87' lang='lat' dir='ltr'><strong>honestum;</strong></span> <span class='ocrx_word' id='word_1_190' title='bbox 1424 2426 1599 2484; x_wconf 87' lang='lat' dir='ltr'><strong>quam</strong></span> <span class='ocrx_word' id='word_1_191' title='bbox 1645 2406 1721 2465; x_wconf 91' lang='lat' dir='ltr'><strong>ab</strong></span> <span class='ocrx_word' id='word_1_192' title='bbox 1766 2405 1851 2474; x_wconf 80' lang='lat' dir='ltr'><strong>iis,</strong></span> <span class='ocrx_word' id='word_1_193' title='bbox 1904 2404 2112 2483; x_wconf 87' lang='lat' dir='ltr'><strong>quibus</strong></span> 
     </span>
     <span class='ocr_line' id='line_1_24' title="bbox 179 2495 2215 2575; baseline 0 -21"><span class='ocrx_word' id='word_1_194' title='bbox 179 2503 284 2555; x_wconf 87' lang='lat' dir='ltr'><strong>aut</strong></span> <span class='ocrx_word' id='word_1_195' title='bbox 309 2497 616 2555; x_wconf 85' lang='lat' dir='ltr'><strong>honestum</strong></span> <span class='ocrx_word' id='word_1_196' title='bbox 641 2496 854 2575; x_wconf 85' lang='lat' dir='ltr'><strong>aliquid</strong></span> <span class='ocrx_word' id='word_1_197' title='bbox 879 2516 994 2555; x_wconf 90' lang='lat' dir='ltr'><strong>non</strong></span> <span class='ocrx_word' id='word_1_198' title='bbox 1013 2497 1170 2565; x_wconf 88' lang='lat' dir='ltr'><strong>utile,</strong></span> <span class='ocrx_word' id='word_1_199' title='bbox 1190 2504 1293 2556; x_wconf 89' lang='lat' dir='ltr'><strong>aut</strong></span> <span class='ocrx_word' id='word_1_200' title='bbox 1310 2497 1449 2555; x_wconf 89' lang='lat' dir='ltr'><strong>utile</strong></span> <span class='ocrx_word' id='word_1_201' title='bbox 1467 2516 1581 2556; x_wconf 89' lang='lat' dir='ltr'><strong>non</strong></span> <span class='ocrx_word' id='word_1_202' title='bbox 1600 2496 1920 2555; x_wconf 89' lang='lat' dir='ltr'><strong>honestum.</strong></span> <span class='ocrx_word' id='word_1_203' title='bbox 1990 2495 2109 2555; x_wconf 86' lang='lat' dir='ltr'><strong>No-</strong></span> <span class='ocrx_word' id='word_1_204' title='bbox 2141 2500 2215 2555; x_wconf 82' lang='lat'><strong>16</strong></span> 
     </span>
     <span class='ocr_line' id='line_1_25' title="bbox 183 2585 2109 2665; baseline -0.001 -19"><span class='ocrx_word' id='word_1_205' title='bbox 183 2586 270 2646; x_wconf 88' lang='lat' dir='ltr'><strong>bis</strong></span> <span class='ocrx_word' id='word_1_206' title='bbox 298 2592 494 2645; x_wconf 88' lang='lat' dir='ltr'><strong>autem</strong></span> <span class='ocrx_word' id='word_1_207' title='bbox 517 2593 714 2645; x_wconf 87' lang='lat' dir='ltr'><strong>nostra</strong></span> <span class='ocrx_word' id='word_1_208' title='bbox 739 2586 1056 2651; x_wconf 80' lang='lat' dir='ltr'><strong>Academia</strong></span> <span class='ocrx_word' id='word_1_209' title='bbox 1081 2605 1349 2665; x_wconf 84' lang='lat' dir='ltr'><strong>magnam</strong></span> <span class='ocrx_word' id='word_1_210' title='bbox 1376 2586 1660 2647; x_wconf 78' lang='lat' dir='ltr'><strong>licentiam</strong></span> <span class='ocrx_word' id='word_1_211' title='bbox 1687 2586 1807 2655; x_wconf 88' lang='lat' dir='ltr'><strong>dat,</strong></span> <span class='ocrx_word' id='word_1_212' title='bbox 1834 2592 1901 2645; x_wconf 90' lang='lat' dir='ltr'><strong>ut</strong></span> <span class='ocrx_word' id='word_1_213' title='bbox 1927 2585 2109 2664; x_wconf 88' lang='lat' dir='ltr'><strong>quod-</strong></span> 
     </span>
    </p>
   </div>
   <div class='ocr_carea' id='block_1_4' title="bbox 179 2675 2109 2828">
    <p class='ocr_par' dir='ltr' id='par_1_4' title="bbox 179 2675 2109 2828">
     <span class='ocr_line' id='line_1_26' title="bbox 179 2675 2109 2755; baseline 0 -21"><span class='ocrx_word' id='word_1_214' title='bbox 179 2695 410 2753; x_wconf 86' lang='lat' dir='ltr'><strong>cunque</strong></span> <span class='ocrx_word' id='word_1_215' title='bbox 435 2677 682 2735; x_wconf 87' lang='lat' dir='ltr'><strong>maxime</strong></span> <span class='ocrx_word' id='word_1_216' title='bbox 708 2677 1001 2755; x_wconf 87' lang='lat' dir='ltr'><strong>probabile</strong></span> <span class='ocrx_word' id='word_1_217' title='bbox 1028 2683 1307 2745; x_wconf 88' lang='lat' dir='ltr'><strong>occurrat,</strong></span> <span class='ocrx_word' id='word_1_218' title='bbox 1335 2676 1397 2735; x_wconf 89' lang='lat' dir='ltr'><strong>id</strong></span> <span class='ocrx_word' id='word_1_219' title='bbox 1434 2683 1631 2737; x_wconf 86' lang='lat' dir='ltr'><strong>nostro</strong></span> <span class='ocrx_word' id='word_1_220' title='bbox 1650 2676 1783 2755; x_wconf 87' lang='lat' dir='ltr'><strong>jure</strong></span> <span class='ocrx_word' id='word_1_221' title='bbox 1816 2676 1985 2735; x_wconf 89' lang='lat' dir='ltr'><strong>liceat</strong></span> <span class='ocrx_word' id='word_1_222' title='bbox 2010 2675 2109 2734; x_wconf 91' lang='lat' dir='ltr'><strong>de·</strong></span> 
     </span>
     <span class='ocr_line' id='line_1_27' title="bbox 180 2764 1287 2828; baseline 0.003 -4"><span class='ocrx_word' id='word_1_223' title='bbox 180 2766 437 2826; x_wconf 76' lang='lat' dir='ltr'><strong>sendere.</strong></span> <span class='ocrx_word' id='word_1_224' title='bbox 521 2766 640 2828; x_wconf 83' lang='lat' dir='ltr'><strong>Sed</strong></span> <span class='ocrx_word' id='word_1_225' title='bbox 663 2766 836 2827; x_wconf 89' lang='lat' dir='ltr'><strong>redeo</strong></span> <span class='ocrx_word' id='word_1_226' title='bbox 862 2764 940 2825; x_wconf 87' lang='lat' dir='ltr'><strong>ad</strong></span> <span class='ocrx_word' id='word_1_227' title='bbox 964 2766 1287 2827; x_wconf 84' lang='lat' dir='ltr'><strong>formulam.</strong></span> 
     </span>
    </p>
   </div>
   <div class='ocr_carea' id='block_1_5' title="bbox 181 2942 2175 3741">
    <p class='ocr_par' dir='ltr' id='par_1_5' title="bbox 181 2942 2175 3741">
     <span class='ocr_line' id='line_1_28' title="bbox 260 2942 2111 3025; baseline -0.001 -20"><span class='ocrx_word' id='word_1_228' title='bbox 260 2945 340 3005; x_wconf 83' lang='lat' dir='ltr'><strong>V.</strong></span> <span class='ocrx_word' id='word_1_229' title='bbox 379 2944 700 3005; x_wconf 85' lang='lat' dir='ltr'><strong>Detrahere</strong></span> <span class='ocrx_word' id='word_1_230' title='bbox 723 2945 898 3025; x_wconf 87' lang='lat' dir='ltr'><strong>igitur</strong></span> <span class='ocrx_word' id='word_1_231' title='bbox 921 2945 1082 3005; x_wconf 88' lang='lat' dir='ltr'><strong>alteri</strong></span> <span class='ocrx_word' id='word_1_232' title='bbox 1107 2944 1339 3023; x_wconf 86' lang='lat' dir='ltr'><strong>aliquid,</strong></span> <span class='ocrx_word' id='word_1_233' title='bbox 1368 2952 1427 3004; x_wconf 92' lang='lat' dir='ltr'><strong>et</strong></span> <span class='ocrx_word' id='word_1_234' title='bbox 1451 2943 1739 3004; x_wconf 87' lang='lat' dir='ltr'><strong>hominem</strong></span> <span class='ocrx_word' id='word_1_235' title='bbox 1764 2942 2004 3001; x_wconf 88' lang='lat' dir='ltr'><strong>hominis</strong></span> <span class='ocrx_word' id='word_1_236' title='bbox 2027 2943 2111 3003; x_wconf 88' lang='lat' dir='ltr'><strong>in-</strong></span> 
     </span>
     <span class='ocr_line' id='line_1_29' title="bbox 182 3034 2109 3115; baseline -0.001 -22"><span class='ocrx_word' id='word_1_237' title='bbox 182 3034 492 3094; x_wconf 88' lang='lat' dir='ltr'><strong>commodo</strong></span> <span class='ocrx_word' id='word_1_238' title='bbox 530 3054 700 3094; x_wconf 88' lang='lat' dir='ltr'><strong>suum</strong></span> <span class='ocrx_word' id='word_1_239' title='bbox 737 3054 946 3115; x_wconf 84' lang='lat' dir='ltr'><strong>augere</strong></span> <span class='ocrx_word' id='word_1_240' title='bbox 988 3035 1373 3104; x_wconf 85' lang='lat' dir='ltr'><strong>commodum,</strong></span> <span class='ocrx_word' id='word_1_241' title='bbox 1400 3034 1583 3112; x_wconf 84' lang='lat' dir='ltr'><strong>magis</strong></span> <span class='ocrx_word' id='word_1_242' title='bbox 1608 3040 1698 3093; x_wconf 88' lang='lat' dir='ltr'><strong>est</strong></span> <span class='ocrx_word' id='word_1_243' title='bbox 1724 3039 1921 3093; x_wconf 88' lang='lat' dir='ltr'><strong>contra</strong></span> <span class='ocrx_word' id='word_1_244' title='bbox 1944 3048 2109 3091; x_wconf 85' lang='lat' dir='ltr'><strong>natu-</strong></span> 
     </span>
     <span class='ocr_line' id='line_1_30' title="bbox 181 3123 2111 3203; baseline 0 -20"><span class='ocrx_word' id='word_1_245' title='bbox 181 3144 324 3192; x_wconf 83' lang='lat' dir='ltr'><strong>ram,</strong></span> <span class='ocrx_word' id='word_1_246' title='bbox 355 3143 530 3202; x_wconf 87' lang='lat' dir='ltr'><strong>quam</strong></span> <span class='ocrx_word' id='word_1_247' title='bbox 553 3142 724 3193; x_wconf 87' lang='lat' dir='ltr'><strong>mors,</strong></span> <span class='ocrx_word' id='word_1_248' title='bbox 747 3144 920 3203; x_wconf 87' lang='lat' dir='ltr'><strong>quam</strong></span> <span class='ocrx_word' id='word_1_249' title='bbox 946 3134 1273 3203; x_wconf 87' lang='lat' dir='ltr'><strong>paupertas,</strong></span> <span class='ocrx_word' id='word_1_250' title='bbox 1294 3144 1469 3203; x_wconf 89' lang='lat' dir='ltr'><strong>quam</strong></span> <span class='ocrx_word' id='word_1_251' title='bbox 1486 3123 1675 3193; x_wconf 83' lang='lat' dir='ltr'><strong>dolor,</strong></span> <span class='ocrx_word' id='word_1_252' title='bbox 1705 3142 1877 3201; x_wconf 87' lang='lat' dir='ltr'><strong>quam</strong></span> <span class='ocrx_word' id='word_1_253' title='bbox 1904 3130 2111 3194; x_wconf 85' lang='lat' dir='ltr'><strong>cetera,</strong></span> 
     </span>
     <span class='ocr_line' id='line_1_31' title="bbox 181 3214 2173 3293; baseline 0 -20"><span class='ocrx_word' id='word_1_254' title='bbox 181 3233 314 3291; x_wconf 76' lang='lat' dir='ltr'><strong>quse</strong></span> <span class='ocrx_word' id='word_1_255' title='bbox 341 3220 583 3293; x_wconf 87' lang='lat' dir='ltr'><strong>possunt</strong></span> <span class='ocrx_word' id='word_1_256' title='bbox 609 3221 712 3273; x_wconf 86' lang='lat' dir='ltr'><strong>aut</strong></span> <span class='ocrx_word' id='word_1_257' title='bbox 749 3215 971 3292; x_wconf 86' lang='lat' dir='ltr'><strong>corpori</strong></span> <span class='ocrx_word' id='word_1_258' title='bbox 997 3214 1253 3273; x_wconf 85' lang='lat' dir='ltr'><strong>accidere</strong></span> <span class='ocrx_word' id='word_1_259' title='bbox 1281 3221 1383 3273; x_wconf 90' lang='lat' dir='ltr'><strong>aut</strong></span> <span class='ocrx_word' id='word_1_260' title='bbox 1408 3214 1581 3273; x_wconf 87' lang='lat' dir='ltr'><strong>rebus</strong></span> <span class='ocrx_word' id='word_1_261' title='bbox 1608 3214 1870 3273; x_wconf 87' lang='lat' dir='ltr'><strong>externis.</strong></span> <span class='ocrx_word' id='word_1_262' title='bbox 1954 3214 2109 3273; x_wconf 83' lang='lat' dir='ltr'><strong>Nam</strong></span> <span class='ocrx_word' id='word_1_263' title='bbox 2138 3222 2173 3273; x_wconf 81' lang='lat'>2</span> 
     </span>
     <span class='ocr_line' id='line_1_32' title="bbox 183 3303 2111 3381; baseline 0.002 -20"><span class='ocrx_word' id='word_1_264' title='bbox 183 3304 462 3381; x_wconf 85' lang='lat' dir='ltr'><strong>principio</strong></span> <span class='ocrx_word' id='word_1_265' title='bbox 477 3303 628 3361; x_wconf 87' lang='lat' dir='ltr'><strong>tollit</strong></span> <span class='ocrx_word' id='word_1_266' title='bbox 645 3304 963 3363; x_wconf 87' lang='lat' dir='ltr'><strong>convictum</strong></span> <span class='ocrx_word' id='word_1_267' title='bbox 981 3305 1296 3363; x_wconf 85' lang='lat' dir='ltr'><strong>humanum</strong></span> <span class='ocrx_word' id='word_1_268' title='bbox 1314 3311 1375 3363; x_wconf 93' lang='lat' dir='ltr'><strong>et</strong></span> <span class='ocrx_word' id='word_1_269' title='bbox 1394 3303 1737 3363; x_wconf 84' lang='lat' dir='ltr'><strong>societatem.</strong></span> <span class='ocrx_word' id='word_1_270' title='bbox 1780 3304 1843 3363; x_wconf 85' lang='lat' dir='ltr'><strong>Si</strong></span> <span class='ocrx_word' id='word_1_271' title='bbox 1862 3305 2011 3365; x_wconf 89' lang='lat' dir='ltr'><strong>enim</strong></span> <span class='ocrx_word' id='word_1_272' title='bbox 2032 3305 2111 3365; x_wconf 89' lang='lat' dir='ltr'><strong>sic</strong></span> 
     </span>
     <span class='ocr_line' id='line_1_33' title="bbox 181 3392 2111 3472; baseline 0.002 -23"><span class='ocrx_word' id='word_1_273' title='bbox 181 3392 394 3450; x_wconf 88' lang='lat' dir='ltr'><strong>erimus</strong></span> <span class='ocrx_word' id='word_1_274' title='bbox 435 3392 640 3460; x_wconf 87' lang='lat' dir='ltr'><strong>affecti,</strong></span> <span class='ocrx_word' id='word_1_275' title='bbox 669 3400 738 3451; x_wconf 88' lang='lat' dir='ltr'><strong>ut</strong></span> <span class='ocrx_word' id='word_1_276' title='bbox 776 3400 1013 3471; x_wconf 90' lang='lat' dir='ltr'><strong>propter</strong></span> <span class='ocrx_word' id='word_1_277' title='bbox 1047 3412 1216 3451; x_wconf 87' lang='lat' dir='ltr'><strong>suum</strong></span> <span class='ocrx_word' id='word_1_278' title='bbox 1242 3393 1483 3470; x_wconf 84' lang='lat' dir='ltr'><strong>quisque</strong></span> <span class='ocrx_word' id='word_1_279' title='bbox 1510 3395 1953 3453; x_wconf 87' lang='lat' dir='ltr'><strong>emolumentum</strong></span> <span class='ocrx_word' id='word_1_280' title='bbox 1980 3414 2111 3472; x_wconf 91' lang='lat' dir='ltr'><strong>spo-</strong></span> 
     </span>
     <span class='ocr_line' id='line_1_34' title="bbox 181 3481 2111 3562; baseline 0.001 -23"><span class='ocrx_word' id='word_1_281' title='bbox 181 3481 282 3539; x_wconf 85' lang='lat' dir='ltr'><strong>liet</strong></span> <span class='ocrx_word' id='word_1_282' title='bbox 301 3486 404 3539; x_wconf 85' lang='lat' dir='ltr'><strong>aut</strong></span> <span class='ocrx_word' id='word_1_283' title='bbox 423 3481 598 3540; x_wconf 82' lang='lat' dir='ltr'><strong>violet</strong></span> <span class='ocrx_word' id='word_1_284' title='bbox 617 3482 878 3551; x_wconf 84' lang='lat' dir='ltr'><strong>alterum,</strong></span> <span class='ocrx_word' id='word_1_285' title='bbox 903 3482 1150 3561; x_wconf 79' lang='lat' dir='ltr'><strong>dirumpi</strong></span> <span class='ocrx_word' id='word_1_286' title='bbox 1174 3501 1411 3542; x_wconf 89' lang='lat' dir='ltr'><strong>necesse</strong></span> <span class='ocrx_word' id='word_1_287' title='bbox 1438 3491 1527 3542; x_wconf 88' lang='lat' dir='ltr'><strong>est</strong></span> <span class='ocrx_word' id='word_1_288' title='bbox 1552 3503 1697 3553; x_wconf 87' lang='lat' dir='ltr'><strong>eam,</strong></span> <span class='ocrx_word' id='word_1_289' title='bbox 1720 3504 1851 3562; x_wconf 81' lang='lat' dir='ltr'><strong>quae</strong></span> <span class='ocrx_word' id='word_1_290' title='bbox 1869 3484 2111 3542; x_wconf 84' lang='lat' dir='ltr'><strong>maxime</strong></span> 
     </span>
     <span class='ocr_line' id='line_1_35' title="bbox 183 3570 2175 3651; baseline 0.002 -23"><span class='ocrx_word' id='word_1_291' title='bbox 183 3576 276 3629; x_wconf 85' lang='lat' dir='ltr'><strong>est</strong></span> <span class='ocrx_word' id='word_1_292' title='bbox 311 3570 627 3630; x_wconf 84' lang='lat' dir='ltr'><strong>secundum</strong></span> <span class='ocrx_word' id='word_1_293' title='bbox 663 3578 946 3641; x_wconf 85' lang='lat' dir='ltr'><strong>naturam,</strong></span> <span class='ocrx_word' id='word_1_294' title='bbox 973 3572 1206 3631; x_wconf 84' lang='lat' dir='ltr'><strong>humani</strong></span> <span class='ocrx_word' id='word_1_295' title='bbox 1246 3574 1469 3651; x_wconf 82' lang='lat' dir='ltr'><strong>generis</strong></span> <span class='ocrx_word' id='word_1_296' title='bbox 1508 3574 1852 3633; x_wconf 87' lang='lat' dir='ltr'><strong>societatem.</strong></span> <span class='ocrx_word' id='word_1_297' title='bbox 1934 3573 2034 3641; x_wconf 86' lang='lat' dir='ltr'><strong>Ut,</strong></span> <span class='ocrx_word' id='word_1_298' title='bbox 2063 3571 2112 3630; x_wconf 90' lang='lat' dir='ltr'><strong>si</strong></span> <span class='ocrx_word' id='word_1_299' title='bbox 2139 3579 2175 3631; x_wconf 79' lang='lat'><strong>3</strong></span> 
     </span>
     <span class='ocr_line' id='line_1_36' title="bbox 183 3660 2111 3741; baseline 0.001 -22"><span class='ocrx_word' id='word_1_300' title='bbox 183 3660 634 3741; x_wconf 75' lang='lat' dir='ltr'><strong>unumquodque</strong></span> <span class='ocrx_word' id='word_1_301' title='bbox 659 3662 978 3723; x_wconf 84' lang='lat' dir='ltr'><strong>membrum</strong></span> <span class='ocrx_word' id='word_1_302' title='bbox 1003 3680 1234 3723; x_wconf 80' lang='lat' dir='ltr'><strong>sensum</strong></span> <span class='ocrx_word' id='word_1_303' title='bbox 1258 3663 1411 3723; x_wconf 86' lang='lat' dir='ltr'><strong>hunc</strong></span> <span class='ocrx_word' id='word_1_304' title='bbox 1436 3662 1695 3733; x_wconf 86' lang='lat' dir='ltr'><strong>haberet,</strong></span> <span class='ocrx_word' id='word_1_305' title='bbox 1714 3668 1783 3723; x_wconf 90' lang='lat' dir='ltr'><strong>ut</strong></span> <span class='ocrx_word' id='word_1_306' title='bbox 1807 3678 1977 3741; x_wconf 81' lang='lat' dir='ltr'><strong>posse</strong></span> <span class='ocrx_word' id='word_1_307' title='bbox 2003 3680 2111 3739; x_wconf 88' lang='lat' dir='ltr'><strong>pu·</strong></span> 
     </span>
    </p>
   </div>
  </div>
 </body>
</html>
