2484 4175
279 273 360 328 50
1113 287 1190 324 nn
1229 284 1487 326 omens

319 421 356 475 6
383 415 535 475 tatis.
615 415 804 474 Aliter
829 415 1023 492 ampla
1059 415 1267 474 domus
1306 413 1571 472 dedecori
1598 431 1755 490 saepe
1794 411 2021 472 domino
2048 411 2133 481 fit,
2162 411 2214 470 si
2238 419 2323 470 est

382 506 441 564 in
479 523 548 563 ea
587 504 856 573 solitudO,
899 512 960 562 et
997 505 1264 573 maxime,
1306 505 1353 562 si
1392 503 1697 582 aliquando
1736 504 1849 561 allo
1888 502 2117 562 domino
2160 503 2325 561 solita

319 594 354 656 '1
383 601 476 654 est
513 595 874 673 frequentari.
957 594 1238 653 Odiosum
1280 601 1369 652 est
1408 594 1577 663 enim,
1618 613 1752 652 cum
1780 611 1817 650 a
1843 593 2326 671 praetereuntibus

384 685 624 744 dicitur:

746 807 796 866 O
822 806 1023 865 domus
1049 807 1304 882 antiqua,
1334 807 1439 864 keu
1467 825 1641 885 quam
1665 805 1885 882 dispari

595 897 910 956 Dominam
934 897 1164 955 domino
1181 895 1210 954 l

319 1058 356 1112 8
385 1051 542 1130 quod
569 1051 802 1132 quidem
827 1051 916 1110 his
941 1051 1295 1130 temporibus
1322 1050 1381 1109 in
1406 1050 1601 1109 multis
1640 1049 1773 1110 licet
1811 1049 2015 1111 dicere.
2100 1051 2325 1110 Caven-

255 1137 270 1152 ‘
380 1140 525 1200 dum
549 1148 746 1200 autem
771 1148 876 1211 est,
907 1141 1226 1221 praesertim
1252 1141 1299 1199 si
1324 1141 1447 1218 ipse
1488 1140 1755 1209 aedifices,
1780 1158 1856 1198 ne
1882 1147 2045 1198 extra
2082 1141 2323 1200 modum

383 1240 622 1310 sumptu
639 1239 700 1292 et
717 1225 1136 1311 magnificentia
1155 1231 1427 1310 prodeas.
1456 1249 1573 1309 quo
1590 1229 1649 1288 in
1673 1248 1883 1309 genere
1909 1229 2161 1292 multum
2190 1232 2324 1291 mali

319 1326 356 1381 9
383 1322 557 1380 efiam
601 1321 662 1379 in
707 1321 972 1409 exemplo
1011 1327 1116 1379 est.
1199 1319 1468 1378 Studiose
1508 1319 1657 1378 enim
1696 1319 1965 1398 plerique,
1996 1322 2324 1402 praesertim

365 1410 442 1468 in
487 1410 634 1468 hanc
678 1403 919 1488 partem,
948 1411 1102 1468 facta
1140 1409 1462 1513 principum
1506 1409 1829 1468 imitantur:
1870 1417 1939 1468 ut
1977 1409 2043 1468 L.
2074 1410 2320 1481 Luculli,

385 1500 594 1558 summi
617 1500 740 1567 viri,
767 1499 1040 1557 virtutem
1067 1499 1194 1576 quis
1219 1498 1246 1555 2²
1290 1505 1353 1556 at
1378 1517 1552 1577 quam
1580 1499 1749 1558 multi
1772 1499 2033 1558 villarum
2060 1501 2321 1579 magnifi-

385 1588 628 1646 centiam
653 1587 854 1646 imitati
881 1589 1062 1646 sunt?
1105 1589 1362 1658 Quarum
1389 1588 1623 1666 quidem
1650 1595 1805 1647 certe
1832 1595 1921 1648 est
1958 1589 2323 1649 adhibendus

383 1677 609 1746 moduS,
627 1677 705 1736 ad
724 1677 1289 1756 mediocritatemque
1310 1678 1681 1738 revocandus.
1743 1677 2077 1756 Eademque
2104 1681 2322 1738 medio-

383 1767 554 1826 critas
575 1767 652 1826 ad
679 1785 906 1826 omnem
931 1787 1101 1826 usum
1123 1769 1457 1847 cultumque
1473 1767 1605 1828 vitae
1626 1767 2017 1827 transferenda
2036 1775 2141 1828 est.
2204 1770 2323 1829 Sed

384 1858 516 1916 haec
541 1857 837 1918 hactenus.

282 1953 358 2008 10
464 1948 536 2007 In
581 1948 733 2006 omni
779 1956 974 2007 autem
1027 1949 1253 2008 actione
1299 1947 1659 2027 suscipienda
1702 1948 1812 2006 tria
1858 1953 1995 2006 sunt
2030 1949 2319 2008 tenenda:

383 2037 649 2119 primum,
677 2045 745 2098 ut
771 2039 1062 2118 appetitus
1097 2039 1300 2099 rationi
1338 2045 1573 2118 pareat;
1614 2057 1731 2118 quo
1754 2037 1892 2097 nihil
1918 2045 2008 2097 est
2032 2038 2109 2097 ad
2136 2039 2325 2099 officia

385 2129 772 2189 conservanda
825 2130 1343 2189 accommodatius:
1415 2128 1639 2197 deinde,
1694 2135 1763 2187 ut
1814 2129 2321 2199 animadvertatur,

383 2226 600 2298 quanta
639 2219 738 2277 illa
777 2236 872 2277 res
913 2219 1004 2287 sit,
1047 2238 1222 2297 quam
1262 2219 1485 2277 efficere
1522 2219 1798 2288 velimus3
1839 2225 1907 2278 ut
1944 2238 2085 2279 neve
2112 2220 2319 2299 major,

381 2326 527 2367 neve
553 2308 737 2366 minor
763 2326 902 2365 cura
927 2314 987 2365 et
1013 2326 1189 2386 opera
1216 2308 1575 2385 suscipiatur,
1604 2328 1779 2387 quam
1816 2328 1987 2368 causa
2026 2310 2318 2387 postulet:

383 2398 616 2457 tertium
645 2403 750 2465 est,
778 2403 846 2455 ut
872 2414 1190 2467 caveamus,
1218 2404 1287 2455 ιιι
1312 2416 1397 2466 ea,
1426 2416 1561 2475 quse
1602 2399 1887 2477 pertinent
1920 2398 1997 2457 ad
2022 2400 2320 2459 liberalem

287 2492 351 2551 11
383 2486 630 2566 speciem
677 2493 738 2545 et
787 2485 1140 2565 dignitatem,
1189 2486 1489 2545 moderata
1534 2488 1662 2547 sint.
1744 2487 1955 2547 Modus
1994 2496 2189 2547 autem
2230 2499 2323 2549 est

383 2576 650 2656 optimus,
678 2576 856 2636 decus
881 2577 1071 2655 ipsum
1097 2582 1312 2647 tenere,
1342 2577 1417 2637 de
1444 2598 1561 2657 quo
1586 2584 1720 2637 ante
1760 2578 2023 2649 diximus,
2052 2598 2157 2639 nec
2186 2599 2319 2658 pro-

381 2662 546 2749 gredi
587 2668 827 2748 longius.
911 2668 1135 2729 Horum
1177 2676 1373 2728 tamen
1413 2670 1586 2729 trium
1633 2670 2168 2748 praestantissimum
2208 2678 2319 2740 est,

381 2758 705 2839 appetitum
731 2760 1129 2839 obtemperare
1153 2759 1373 2820 rationi.
1443 2837 1543 2872 Χ

850 2868 858 2877 =
1412 2860 1506 2894 N

449 2940 572 3001 XL.
601 2940 888 3019 Deinceps
916 2939 991 2999 de
1017 2940 1272 3017 ordine
1299 2958 1526 2999 rerum
1552 2947 1615 2999 et
1638 2940 1714 2999 de
1750 2939 2322 3019 opportunitate

383 3030 523 3091 tem
537 3051 578 3110 p
593 3051 628 3091 o
641 3050 797 3091 rum
822 3030 1130 3090 dicendum
1149 3037 1255 3089 est.
1319 3030 1467 3091 Haec
1488 3036 1683 3089 autem
1703 3030 1935 3089 scientia
1962 3031 2324 3095 continentur

381 3140 470 3190 ea,
497 3139 672 3198 quam
715 3122 907 3181 Graeci
947 3122 1196 3197 εὐταξίαν
1223 3120 1547 3190 nominant3
1588 3139 1703 3179 non
1739 3121 1905 3189 hanc,
1934 3139 2107 3199 quam
2144 3121 2320 3179 inter-

383 3215 678 3287 pretamur
699 3210 1056 3281 modestiam,
1085 3230 1200 3289 quo
1225 3212 1285 3271 in
1310 3211 1485 3271 verbo
1510 3210 1717 3271 modus
1742 3210 1927 3281 inest3
1968 3208 2071 3268 sed
2104 3210 2205 3270 illa
2230 3219 2323 3280 est

319 3306 354 3357 2
381 3298 621 3373 σῦταξῖοί,
661 3299 721 3357 in
759 3318 874 3377 qua
911 3299 1246 3379 intelligitur
1284 3301 1495 3362 ordinis
1534 3300 1903 3361 conservatio.
1984 3300 2211 3377 Itaque,
2252 3294 2323 3360 ιιι

382 3388 624 3447 eandem
650 3408 754 3446 nos
779 3388 1118 3469 modestiam
1145 3392 1519 3468 appellemus,
1542 3392 1620 3451 sic
1648 3390 1917 3451 definitur
1940 3409 1977 3447 a
2002 3390 2231 3461 Stoicis,
2252 3397 2323 3453 ut

381 3477 664 3537 modestia
687 3477 762 3536 sit
787 3477 1020 3539 scientia
1043 3498 1240 3539 earum
1260 3499 1468 3551 rerum,
1489 3500 1623 3559 quse
1645 3486 1889 3560 agentur
1914 3485 2017 3540 aut
2036 3479 2321 3553 dicentur,

319 3572 358 3628 8
384 3568 513 3629 loco
551 3588 656 3627 suo
699 3567 1175 3629 collocandartun.
1256 3572 1351 3629 Ita
1388 3571 1617 3630 videtur
1654 3568 1857 3630 eadem
1884 3570 1969 3629 vis
2008 3568 2225 3631 ordinis
2262 3580 2323 3635 et

383 3657 766 3731 collocationis
807 3656 946 3727 fore.
1028 3658 1182 3718 Nam
1221 3666 1283 3731 et
1320 3658 1577 3731 ordinem
1604 3660 1685 3719 sic
1714 3660 2008 3733 definiunt,
2037 3665 2321 3743 composi-
