2484 4175
289 300 408 357 uo
1113 312 1194 355 nn
1217 312 1477 355 omem

389 442 641 510 interest,
669 448 866 501 utrum
905 460 980 501 ex
1021 441 1249 501 homine
1288 460 1351 501 se
1390 448 1685 501 convertat
1708 441 1837 519 quis
1870 440 1931 501 in
1962 440 2221 511 beluam,
2250 458 2333 501 an

387 532 628 591 hominis
653 532 836 611 figura
859 531 1267 591 immanitatem
1292 538 1459 612 gerat
1482 531 1667 591 beluae
1686 532 1715 589 ‘l

467 710 626 771 XXI.
669 711 857 780 Quid.
836 711 864 753 ⁹
891 711 1003 813 ‘qui
1027 710 1216 769 omnia
1239 716 1399 769 recta
1434 716 1495 769 et
1530 710 1771 769 honesta
1806 709 2121 789 negligunt,
2150 708 2329 769 dum-

389 800 562 859 modo
594 819 636 878 p
651 819 688 858 o
703 808 730 859 t
745 820 778 859 e
791 820 832 859 n
847 808 874 859 t
887 799 910 859 i
923 819 960 857 a
973 820 1036 859 m
1067 805 1502 877 consequantur,
1520 818 1707 859 nonne
1731 799 1885 859 idem
1903 799 2133 867 faciunt,
2158 798 2331 877 quod

388 888 454 957 is,
481 890 580 966 qui
605 890 776 949 etiam
801 908 1062 949 socerum
1093 889 1307 949 habere
1332 889 1513 949 voluit
1550 908 1703 958 eum,
1730 890 1895 967 cujus
1927 889 2051 967 ipse
2076 888 2331 947 audacia

327 984 362 1037 2
391 986 596 1057 potens
619 980 814 1039 esset?
875 979 1031 1038 Utile
1049 979 1104 1037 ei
1120 978 1419 1039 videbatur
1446 977 1753 1056 plurimum
1782 996 1949 1057 posse
1970 976 2256 1037 alterius
2238 996 2327 1035 ιιι-

389 1068 570 1127 vidia:
611 1068 672 1127 id
697 1088 873 1147 quam
896 1068 1211 1147 injustum'
1195 1087 1255 1125 m
1281 1067 1541 1146 patriam,
1562 1074 1621 1125 et
1648 1086 1820 1146 quam
1846 1073 2033 1146 turpe,
2053 1073 2115 1125 et
2138 1085 2329 1144 quam

325 1162 362 1219 8
390 1156 586 1217 inutile
625 1165 794 1227 esset,
820 1176 936 1217 non
958 1158 1204 1217 videbat.
1288 1157 1423 1235 Ipse
1460 1164 1655 1216 autem
1690 1174 1853 1215 socer
1876 1156 1937 1215 in
1960 1174 2059 1215 ore
2086 1174 2329 1233 semper

393 1248 626 1307 Graecos
651 1266 850 1307 versus
875 1247 948 1306 de
975 1246 1289 1305 Phoenissis
1314 1246 1581 1315 habebat,
1602 1264 1747 1323 quos
1768 1245 1955 1305 dicam
1978 1253 2048 1305 ut
2072 1252 2289 1324 potero
2310 1264 2329 1279 ·

390 1335 672 1397 incondite
697 1337 955 1405 fortasse,
983 1336 1087 1395 sed
1111 1343 1307 1395 tamen
1330 1342 1397 1393 ut
1422 1354 1515 1393 res
1540 1335 1721 1413 possit
1744 1334 2018 1415 intelligi:

625 1458 788 1517 Nam
813 1459 864 1515 si
889 1456 1218 1515 vffilandum
1240 1456 1451 1533 estjus,
1478 1456 1749 1530 reynandi
1768 1457 1961 1530 qratia

641 1546 983 1605 Violandum
1007 1554 1086 1605 est
1110 1565 1130 1604 :
1169 1547 1304 1605 aliis
1327 1547 1487 1604 rebus
1500 1547 1765 1621 pietatem
1790 1547 1953 1606 colas.

322 1673 361 1726 4
392 1666 663 1745 Capitalis
701 1666 979 1737 Eteocles,
1008 1662 1100 1726 rel
1139 1668 1332 1746 potius
1366 1666 1683 1745 Euripides,
1713 1666 1814 1745 qui
1847 1667 1907 1726 id
1932 1685 2129 1736 unum,
2158 1668 2331 1747 quod

389 1756 640 1817 omnium
681 1757 1168 1816 sceleratissimum
1205 1758 1392 1825 fuerit,
1422 1756 1720 1835 exceperit.
1804 1756 1956 1827 Quid
1994 1756 2173 1837 igitur
2213 1758 2327 1817 mi-

387 1853 527 1905 nuta
554 1846 882 1925 colligimus,
910 1847 1271 1916 hereditates,
1299 1852 1665 1915 mercaturaS,
1693 1845 2041 1905 venditiones
2078 1846 2327 1906 fraudu-

323 1944 360 1997 5
387 1936 614 1995 lentas?
694 1935 844 1996 Ecce
871 1936 990 2007 tibi,
1020 1936 1118 2015 qui
1149 1956 1251 1994 rex
1290 1935 1487 2014 populi
1522 1936 1763 1994 Romani
1788 1936 2168 2014 dominusque
2198 1956 2328 1996 om-

325 2032 360 2088 6
388 2026 543 2086 nium
569 2026 824 2107 gentium
862 2045 987 2087 esse
1027 2024 1387 2106 concupierit,
1414 2024 1587 2104 idque
1626 2024 1940 2105 perfecerit.
2022 2025 2191 2086 Hanc
2224 2047 2326 2086 cu-

390 2116 688 2195 piditatem
709 2118 758 2177 si
775 2118 1072 2177 honestam
1092 2117 1218 2194 quis
1238 2134 1363 2174 esse
1380 2115 1532 2184 dicit,
1552 2134 1743 2174 amens
1764 2115 1869 2176 e'st.
1928 2116 2146 2175 Probat
2168 2117 2329 2176 enim

387 2207 582 2286 legum
598 2213 658 2266 et
674 2207 949 2266 libertatis
967 2207 1282 2266 interitum:
1312 2225 1617 2284 earumque
1637 2205 2075 2284 oppressionem,
2088 2211 2329 2282 taetram

325 2294 359 2355 '1
389 2302 450 2354 et
475 2296 886 2365 detestabilem,
915 2296 1218 2376 gloriosam
1248 2301 1434 2374 putat.
1501 2294 1611 2365 Qui
1637 2302 1831 2353 autem
1855 2295 2085 2365 fatetur,
2108 2295 2325 2356 hones-

388 2391 513 2444 tum
538 2405 652 2443 non
677 2404 802 2446 esse
826 2385 886 2443 in
910 2403 979 2443 ea
1005 2384 1245 2454 civitate,
1274 2404 1405 2462 quae
1432 2384 1610 2444 libera
1641 2384 1767 2453 fuit,
1795 2403 2035 2462 quaeque
2062 2403 2189 2444 esse
2219 2385 2323 2444 de-

389 2473 539 2542 beat,
579 2491 836 2552 regnare,
875 2473 978 2532 sed
1017 2475 1088 2544 ei,
1117 2474 1214 2554 qui
1252 2471 1313 2532 id
1358 2474 1545 2532 facere
1584 2475 1781 2553 possit,
1818 2493 1942 2534 esse
1982 2462 2152 2532 utile:
2200 2495 2325 2553 qua

388 2561 539 2622 hunc
585 2561 977 2641 objurgatione
1016 2571 1118 2623 aut
1164 2582 1279 2643 quo
1326 2564 1517 2642 potius
1557 2565 1805 2624 convicio
1846 2582 1881 2622 a
1920 2569 2083 2623 tanto
2124 2583 2324 2625 errore

325 2657 360 2711 8
390 2669 559 2710 coner
595 2651 837 2711 avellere
853 2652 882 2712 ‘2
961 2652 1164 2712 Potest
1198 2653 1367 2723 enim,
1396 2653 1474 2712 dii
1498 2653 1863 2723 iminortales,
1890 2653 2152 2732 cuiquam
2184 2675 2318 2714 esse

387 2739 526 2799 utile
551 2740 924 2802 foedissimum
949 2749 1010 2802 et
1034 2742 1409 2802 taeterrimum
1437 2743 1798 2822 parricidium
1830 2743 2031 2822 patriae
2056 2763 2069 2802 z
2113 2764 2319 2822 quam-

389 2831 471 2889 vis
510 2831 576 2902 is,
617 2831 716 2910 qui
755 2851 816 2891 se
855 2851 926 2892 eo
970 2832 1350 2902 obstrinxerit,
1392 2833 1469 2891 ab
1508 2833 1793 2911 oppressis
1834 2831 2049 2892 civibus
2096 2834 2320 2894 Parens

325 2927 361 2981 9
389 2920 705 2981 nominetur
720 2921 750 2981 ‘2
804 2921 1118 2981 Honestate
1137 2921 1311 3001 igitur
1330 2920 1624 3000 dirigenda
1643 2922 1857 2980 utilitas
1876 2929 1983 2990 est,
2004 2929 2064 2980 et
2083 2923 2321 3005 quidem

389 3011 486 3080 sic,
516 3018 583 3070 ut
620 3011 750 3072 haec
774 3011 911 3082 duo,
940 3011 1113 3070 verbo
1152 3011 1298 3069 inter
1334 3029 1395 3069 se
1423 3011 1764 3089 discrepare,
1782 3030 1855 3070 ·re
1894 3031 2073 3070 unum
2114 3031 2318 3071 sonare

288 3104 362 3159 10
389 3100 700 3160 videantur.
781 3100 914 3160 Non
936 3101 1139 3169 habeo,
1167 3099 1245 3158 ad
1270 3099 1433 3179 vulgi
1459 3098 1795 3180 opinionem,
1824 3119 1955 3178 quae
1993 3100 2177 3178 major
2203 3103 2317 3160 uti-

387 3187 533 3256 litas,
575 3208 747 3266 quam
785 3189 1074 3270 regnandi,
1117 3208 1242 3248 esse
1282 3189 1496 3267 possit:
1537 3189 1677 3248 nihil
1716 3197 1915 3248 contra
1952 3189 2203 3248 inutilius
2243 3190 2316 3258 ei,

389 3277 486 3355 qui
524 3276 732 3355 injuste
771 3286 1108 3337 consecutus
1147 3279 1238 3346 sit,
1280 3279 1518 3347 inveni0,
1549 3298 1681 3337 cum
1718 3278 1795 3337 ad
1829 3278 2123 3338 veritatem
2161 3279 2319 3358 coepi

289 3371 359 3424 11
389 3383 656 3424 revocare
680 3365 968 3426 rationem.
1049 3368 1301 3427 Possunt
1326 3367 1473 3428 enim
1501 3368 1766 3446 cuiquam
1791 3387 1917 3427 esse
1943 3367 2111 3426 utiles
2137 3386 2315 3448 ango-

389 3473 496 3523 res,
531 3453 947 3524 sollicitudines,
978 3456 1161 3515 diurni
1199 3465 1260 3516 et
1297 3457 1557 3516 nocturni
1595 3465 1801 3527 metus,
1828 3457 1948 3515 vita
1984 3456 2319 3518 insidiarum

387 3543 878 3622 periculorumque
903 3545 1226 3624 plenissima
1242 3547 1270 3604 ‘2

293 3667 373 3728 12
555 3665 750 3728 Mults
773 3667 959 3743 iniqui
981 3656 1148 3742 atque
1171 3668 1425 3746 infideles
1446 3688 1629 3744 rayno,
1647 3669 1828 3746 paud
1850 3676 1986 3728 aaut
2010 3668 2155 3740 bovi,
