2484 4175
842 316 1013 355 mma
1038 314 1125 355 111.
1208 313 1344 356 oar.
1373 315 1462 356 111.
2103 302 2180 355 89

147 444 273 523 quin
290 464 587 524 nunquam
608 444 791 523 possit
809 444 1021 503 utilitas
1042 461 1175 503 cum
1194 444 1494 503 honestate
1515 442 1873 503 contendere.
1957 445 2074 502 Ita-
2104 428 2139 503 ἐ

146 553 253 612 que
273 537 617 615 accepimus,
648 536 942 593 Socratem
984 536 1236 593 execrari
1277 535 1508 593 solitum
1533 553 1650 602 eoS‚
1687 535 1787 611 qui
1826 535 2075 613 primum

144 626 278 693 hzec,
305 633 513 684 natura
540 626 899 693 cohaerentia,
930 624 1191 703 opinione
1216 624 1625 683 distraxissent.
1707 624 1816 682 Cui
1841 624 2074 701 quidem
2102 629 2138 683 4

146 716 219 773 ita
260 723 401 775 sunt
450 716 629 774 Stoici
674 716 907 783 assensi,
936 722 1003 772 ut
1050 722 1111 773 et
1158 714 1428 793 quicquid
1476 716 1778 773 honestum
1819 721 1986 783 esset,
2013 715 2074 773 id

146 806 273 863 utile
316 824 445 865 esse
492 812 823 874 censerent;
868 824 975 863 nec
1018 805 1159 863 utile
1200 806 1523 883 quicquam,
1552 805 1710 883 quod
1750 824 1862 862 non
1901 805 2076 863 hone-

148 902 307 955 stum.
394 896 619 965 Quodsi
642 896 691 953 is
718 902 871 955 esset
896 895 1204 965 Panaetius,
1232 895 1332 972 qui
1357 895 1626 953 virtutem
1649 901 1956 973 propterea
1983 914 2074 954 eo-
2103 903 2140 955 5

148 984 367 1045 leudam
408 986 643 1054 diceret,
672 986 829 1064 quod
869 1004 939 1044 ea
980 986 1225 1044 efficiens
1273 985 1533 1043 utilitatis
1578 991 1762 1053 esset;
1802 992 1872 1043 ut
1895 985 1949 1053 ii,
1979 986 2078 1061 qui

148 1094 233 1134 res
258 1076 615 1155 expetendas
630 1076 721 1134 vel
746 1076 1043 1153 voluptate
1058 1075 1151 1134 vel
1176 1074 1488 1133 indolentia
1513 1074 1854 1133 metiuntur:
1883 1075 2080 1134 liceret

146 1166 193 1224 ei
216 1167 423 1235 dicere,
452 1166 759 1225 utilitatem
803 1165 1111 1243 aliquando
1138 1184 1271 1223 cum
1297 1166 1600 1223 honestate
1639 1182 1916 1242 pugnare.
1960 1164 2078 1223 Sed
2105 1170 2142 1224 6

148 1276 269 1315 cum
292 1257 371 1315 sit
394 1257 464 1325 is,
494 1256 593 1334 qui
630 1256 691 1315 id
730 1256 917 1315 solum
945 1256 1159 1313 bonum
1182 1255 1425 1333 judicet,
1456 1255 1614 1332 quod
1641 1254 1944 1312 honestum
1971 1256 2078 1324 sit;

147 1364 267 1423 quoe
306 1353 505 1405 autem
549 1345 683 1404 huic
729 1352 1055 1425 repugnent
1078 1345 1272 1424 specie
1297 1345 1550 1423 quadam
1575 1344 1850 1413 utilitatis,
1879 1363 2079 1404 eorum

147 1455 323 1514 neque
364 1436 693 1495 accessione
732 1436 1025 1494 meliorem
1051 1436 1229 1494 vitam
1269 1435 1406 1503 fieri,
1434 1453 1540 1493 nec
1569 1434 1894 1495 decessione
1921 1436 2080 1515 pejo-

148 1545 291 1585 rem:
332 1546 455 1586 non
477 1526 707 1585 videtur
747 1526 872 1604 ejus
914 1526 1073 1584 modi
1114 1524 1379 1597 debuisse
1421 1524 1881 1584 deliberationem
1906 1526 2080 1586 intro-

150 1617 367 1685 ducere,
396 1618 459 1675 in
484 1635 617 1695 qua,
647 1616 801 1693 quod
828 1616 969 1675 utile
996 1616 1300 1683 videretur,
1325 1634 1458 1673 cum
1486 1634 1572 1683 e0,
1595 1616 1752 1694 quod
1778 1616 2082 1690 honestum

152 1714 249 1777 est,
260 1713 712 1787 compararetur.
754 1707 982 1765 Etenim
1000 1706 1157 1784 quod
1178 1725 1469 1764 summum
1489 1706 1706 1764 bonum
1721 1724 1757 1763 a
1773 1702 1976 1766 Stoicis
1995 1708 2077 1765 di·
2109 1706 2144 1767 ’1

150 1798 303 1868 citur,
334 1798 740 1883 convenienter
772 1804 993 1855 naturae
1020 1796 1228 1866 vivere,
1255 1795 1316 1854 id
1355 1795 1534 1854 habet
1571 1796 1738 1864 hanc,
1769 1804 1837 1855 ut
1863 1796 2080 1875 opinor,

150 1889 503 1957 sententiam,
546 1906 681 1947 cum
726 1887 937 1946 virtute
978 1904 1298 1965 congruere
1341 1904 1597 1965 semper-3
1639 1892 1830 1945 cetera
1867 1892 2079 1954 autem,

152 1998 275 2056 quae
298 1978 625 2038 secundum
660 1985 927 2037 naturam
968 1984 1175 2045 essent,
1204 1976 1286 2036 ita
1327 1977 1536 2056 legere,
1566 1976 1614 2035 si
1641 1995 1710 2035 ea
1735 1976 1930 2034 virtuti
1967 1994 2082 2034 non

150 2074 559 2150 repugnarent.
640 2068 811 2139 Quod
840 2088 973 2127 cum
1008 2066 1090 2127 ita
1116 2068 1205 2137 sit,
1236 2073 1448 2147 putant
1473 2066 1724 2147 quidam,
1753 2065 1902 2124 hanc
1931 2082 2082 2123 com·
2111 2072 2147 2125 8

150 2161 499 2238 parationem
524 2178 639 2217 non
664 2165 821 2218 recte
848 2159 1252 2228 introductam,
1281 2177 1388 2218 nec
1415 2157 1644 2218 omnino
1669 2154 1744 2214 de
1771 2173 1842 2212 eo
1869 2172 2080 2232 genere

149 2252 455 2329 quicquam
482 2249 933 2328 praecipiendum
961 2249 1151 2308 fuisse.

225 2341 426 2420 Atque
462 2339 607 2400 illud
645 2341 877 2418 quidem
915 2340 1237 2408 honestum,
1268 2339 1426 2417 quod
1467 2337 1698 2417 proprie
1723 2353 1969 2413 vereque
1997 2334 2082 2394 di·
2112 2340 2150 2396 9

152 2430 310 2501 citur,
336 2432 401 2490 id
440 2431 501 2489 in
538 2431 889 2510 sapientibus
928 2438 1019 2489 est
1056 2430 1207 2498 solis,
1236 2449 1426 2508 neque
1464 2449 1500 2488 a
1525 2430 1735 2488 virtute
1762 2427 1953 2488 divelli
1977 2447 2082 2486 un-

150 2541 321 2625 quam
346 2529 595 2600 potest(
637 2522 747 2580 In
732 2522 799 2580 iis
826 2527 1037 2590 autem,
1068 2521 1126 2579 in
1154 2521 1360 2598 quibus
1388 2520 1664 2598 sapientia
1691 2521 1946 2598 perfecta
1970 2538 2084 2578 non

151 2618 253 2679 est,
274 2612 469 2690 ipsum
494 2611 635 2670 illud
662 2611 897 2690 quidem
924 2612 1248 2689 perfectum
1274 2613 1578 2670 honestum
1605 2611 1764 2671 nullo
1789 2611 1981 2679 modo,
2009 2611 2084 2668 si-

149 2702 493 2760 militudines
530 2702 756 2760 honesti
794 2719 919 2760 esse
961 2708 1218 2779 possunt.
1302 2701 1448 2760 Haec
1481 2701 1632 2760 enim
1670 2702 1858 2760 omnia
1885 2701 2082 2768 officia,
2116 2705 2190 2758 10

150 2791 225 2850 de
248 2791 461 2870 quibus
488 2791 577 2850 his
601 2791 763 2850 libris
792 2791 1171 2870 disputamuS,
1200 2791 1388 2850 media
1429 2791 1608 2850 Stoici
1647 2793 1976 2870 appellant:
2017 2807 2088 2849 ea

149 2882 475 2942 communia
498 2889 647 2950 sunt,
672 2887 731 2940 et
755 2881 871 2940 late
898 2888 1135 2959 patent:
1165 2899 1300 2960 quae
1319 2881 1419 2939 et
1404 2881 1616 2960 ingenii
1642 2881 1894 2940 bonitate
1921 2879 2090 2940 multi

148 2978 531 3050 assequuntur
556 2979 616 3030 et
642 2972 1037 3050 progressione
1065 2971 1336 3033 discendi.
1422 2971 1578 3030 Illud
1603 2979 1800 3030 autem
1821 2971 2084 3038 officium,
2118 2973 2188 3029 11

148 3062 305 3140 quod
332 3069 557 3120 rectum
578 3062 753 3121 iidem
772 3061 1079 3140 appellant,
1100 3063 1418 3140 perfectum
1435 3067 1607 3140 atque
1627 3060 1954 3121 absolutum
1981 3067 2085 3130 est,

150 3159 225 3220 et,
253 3159 325 3212 ut
364 3151 539 3210 iidem
568 3151 783 3220 dicunt,
813 3170 1011 3210 omnes
1047 3171 1315 3210 numeros
1352 3153 1568 3220 habet;
1609 3171 1734 3219 nec,
1764 3158 1974 3230 praeter
1999 3171 2088 3210 sa-

150 3243 419 3320 pientem,
451 3241 655 3301 cadere
693 3242 752 3300 in
778 3260 1123 3320 quemquam
1166 3249 1375 3320 potest.
1459 3242 1612 3300 Cum
1653 3249 1848 3302 autem
1876 3241 2087 3321 aliquid
2120 3247 2192 3301 12

150 3339 347 3390 actum
382 3337 489 3400 est,
516 3331 575 3390 in
600 3351 717 3409 quo
750 3332 939 3392 media
974 3331 1157 3391 officia
1192 3339 1572 3409 compareant,
1600 3332 1662 3390 id
1699 3334 1984 3393 cumulate
2009 3333 2090 3390 vi-

151 3421 323 3480 detur
368 3439 495 3480 esse
535 3422 871 3500 perfectum,
915 3428 1219 3499 propterea
1255 3421 1410 3498 quod
1439 3423 1664 3502 vulgus,
1693 3423 1832 3500 quid
1869 3422 2018 3480 absit
2054 3441 2090 3479 a

153 3512 428 3589 perfectO,
457 3531 572 3570 non
612 3511 733 3570 fere
774 3510 1053 3590 intelligit,
1082 3517 1362 3588 quatenus
1401 3520 1595 3570 autem
1635 3512 1914 3589 intelligit,
1953 3509 2089 3566 nihil

152 3609 323 3681 putat
362 3602 835 3681 praetermissum.
919 3601 1089 3670 Quod
1128 3601 1283 3660 idem
1319 3600 1379 3658 in
1419 3603 1714 3679 poematis,
1756 3602 1814 3658 in
1855 3597 2091 3675 picturis
2123 3603 2195 3656 13

152 3711 267 3752 usu
303 3692 480 3763 venit,
518 3692 580 3752 in
619 3691 857 3770 aliisque
896 3691 1306 3769 compluribus,
1343 3697 1412 3749 ut
1447 3690 1804 3749 delectentur
1849 3684 2094 3763 imperiti
