2484 4175
98 259 175 313 80
927 268 1003 307 mr
1032 266 1288 308 omens

201 401 335 470 niet,
361 400 624 459 nimirum
652 397 1062 459 Themistocles
1088 404 1179 455 est
1204 401 1406 455 auctor
1445 394 1832 463 adhibendns;
1873 395 1972 472 qui
1997 413 2137 453 cum

200 492 604 558 consuleretur,
629 496 823 547 utrum
852 489 1003 547 bono
1028 488 1149 546 viro
1178 486 1434 565 pauperi,
1464 504 1538 543 an
1563 486 1746 545 minus
1775 487 2018 563 probato
2045 485 2138 543 di·

201 582 306 639 viti
344 581 519 639 filiam
558 580 895 639 collocaret:
937 579 1065 657 Ego
1090 596 1246 644 vei-0,
1273 576 1470 653 inquit,
1498 576 1650 633 malo
1677 576 1876 643 virum,
1907 576 2004 653 qui
2031 594 2140 653 pe-

100 677 170 731 11
202 671 365 729 cunia
391 677 577 749 egeat,
605 688 779 748 quam
806 669 1121 747 pecuniam,
1144 686 1276 747 quae
1302 667 1439 725 viro,
1521 665 1640 724 Sed
1667 666 1918 745 corrupti
1943 682 2138 723 mores

202 762 609 839 depravatique
640 766 773 817 sunt
813 758 1184 817 admiratione
1211 756 1551 816 divitiarum.
1634 756 1890 824 Quarum
1915 755 2139 833 magni-

102 858 173 910 12
204 852 345 919 tudo
374 850 511 929 quid
539 850 615 907 ad
642 867 1105 928 unumquemque
1144 854 1408 906 nostrum
1448 848 1695 926 pertinet
1711 848 1740 905 ‘2
1821 847 1993 905 Illum
2018 846 2141 905 for-

204 948 355 999 tasse
384 940 641 1019 adjuvat,
670 940 771 1017 qui
796 939 1005 997 habet:
1047 958 1121 997 ne
1146 938 1206 996 id
1234 938 1467 1015 quidem
1495 956 1754 1016 semper:
1797 936 1898 994 sed
1926 937 2016 995 fac
2041 937 2140 1014 ju-

104 1037 175 1090 13
205 1050 375 1099 vare3
416 1032 665 1089 utentior
692 1048 828 1088 sane
856 1030 967 1097 sit3
1010 1028 1302 1087 honestior
1326 1046 1464 1086 vero
1498 1026 1792 1106 quomodo
1807 1028 1836 1085 ‘2
1917 1026 2142 1096 Quodsi

205 1122 377 1180 etiam
403 1123 587 1181 bonus
610 1121 715 1181 erit
740 1122 841 1189 vir,
871 1139 943 1178 ne
970 1119 1282 1198 impediant
1309 1118 1538 1187 divitiae,
1563 1118 1862 1196 quominus
1885 1118 2143 1195 juvetur,

136 1256 143 1263 .
206 1211 379 1271 modo
407 1232 481 1271 ne
508 1212 817 1291 adjuvent;
858 1212 1045 1289 sitque
1088 1228 1255 1269 omne
1293 1208 1588 1287 judicium,
1613 1225 1730 1267 non
1767 1226 1940 1286 quam
1981 1208 2146 1266 locu-

106 1306 180 1361 14
210 1302 353 1380 pleS,
382 1303 487 1361 sed
515 1302 697 1379 qualis
724 1301 965 1379 quisque
993 1302 1083 1359 sit.
1168 1300 1509 1358 Extremum
1549 1306 1744 1358 autem
1783 1305 2147 1377 praeceptum

210 1392 269 1449 in
293 1392 579 1451 beneficiis
606 1410 893 1469 operaque
922 1390 1131 1459 danda,
1158 1409 1231 1448 ne
1259 1388 1398 1467 quid
1425 1395 1624 1447 contra
1651 1389 1978 1467 aequitatem
2007 1407 2147 1447 con-

210 1476 433 1549 tenda&
459 1500 535 1539 ne
560 1480 699 1558 quid
727 1500 835 1558 pro
861 1480 1080 1558 injuria.
1163 1480 1622 1538 Fundamentum
1648 1480 1796 1537 enim
1823 1485 1912 1538 est
1937 1496 2150 1557 perpe-

210 1577 329 1629 tuae
361 1569 865 1629 commendationis
904 1577 965 1628 et
1010 1570 1185 1628 famae
1231 1569 1470 1648 justitia,
1501 1569 1622 1629 sine
1649 1588 1762 1647 qua
1787 1568 1924 1628 nihil
1950 1574 2149 1647 potest

212 1679 337 1719 esse
366 1659 673 1719 laudabile.

262 1839 423 1899 XXI.
466 1838 585 1899 Sed
606 1839 879 1917 ‚quoniam
908 1838 981 1898 de
1009 1858 1079 1897 eo
1105 1858 1314 1919 genere
1354 1839 1753 1899 beneficiorum
1793 1838 2008 1899 dictum
2035 1846 2148 1909 est,

210 1948 343 2009 quae
368 1929 445 1989 ad
472 1929 727 2009 singulos
754 1936 1049 2009 spectant:
1080 1930 1350 2008 deinceps
1378 1929 1451 1987 de
1475 1930 1560 1999 iis,
1581 1948 1714 2007 quae
1731 1929 1806 1987 ad
1833 1930 2148 1998 univerSOS,

148 2026 184 2079 2
211 2038 458 2099 quaeque
479 2020 555 2077 ad
574 2040 695 2079 rem
715 2020 1003 2100 publicam
1022 2020 1322 2098 pertinent,
1343 2019 1751 2100 disputandum
1771 2026 1876 2078 est.
1932 2019 2153 2077 Eorum

214 2118 408 2171 autem
448 2111 704 2190 ipsorum
743 2112 953 2190 partim
992 2109 1274 2190 ejusmodi
1301 2118 1452 2180 sunt,
1479 2117 1548 2170 ut
1575 2111 1650 2168 ad
1676 2110 1968 2168 universos
1993 2110 2154 2168 cives

213 2202 551 2280 pertineant,
574 2202 783 2279 partim
810 2201 1064 2280 singulos
1083 2207 1151 2258 ut
1171 2199 1481 2304 attingant,
1504 2219 1636 2278 quae
1661 2207 1796 2258 sunt
1821 2200 1992 2258 etiam
2017 2217 2151 2278 gra-

148 2298 184 2350 3
214 2292 373 2352 uera.
456 2291 666 2349 Danda
691 2309 868 2368 opera
908 2297 995 2349 est
1036 2291 1280 2360 omnino,
1310 2291 1358 2349 si
1385 2292 1584 2369 possit,
1613 2291 1886 2369 utrisque,
1913 2309 2018 2348 nec
2044 2289 2151 2347 mi-

212 2401 339 2450 nuS,
365 2387 435 2438 ut
458 2381 629 2438 etiam
656 2380 892 2459 singulis
920 2382 1282 2439 consulatur:
1327 2381 1432 2440 sed
1458 2381 1555 2450 ita,
1583 2388 1652 2440 ut
1677 2400 1746 2439 ea
1770 2400 1862 2439 res
1889 2387 1991 2439 aut
2016 2398 2153 2458 pro-

149 2475 181 2530 4
215 2471 303 2538 sit,
334 2477 435 2528 aut
476 2476 630 2528 certe
656 2489 729 2528 ne
758 2469 909 2530 obsit
933 2471 1015 2528 rei
1042 2471 1306 2550 publicae.
1393 2471 1460 2530 C.
1495 2471 1744 2548 Gracchi
1781 2469 2156 2529 frumentaria

212 2578 424 2639 magna
439 2558 661 2638 largitio
682 2579 697 2628 ;
724 2560 1095 2620 exhauriebat
1115 2560 1288 2640 igitur
1307 2562 1568 2620 aerarium
1587 2581 1602 2630 3
1630 2561 1856 2620 modica
1875 2561 1952 2619 M.
1979 2559 2153 2619 Octa·

217 2650 307 2719 vii,
356 2657 419 2708 et
462 2649 545 2708 rei
592 2650 841 2727 publicae
880 2651 1207 2720 tolerabilis,
1251 2659 1312 2710 et
1351 2652 1506 2730 plebi
1543 2653 1872 2720 necessaria,
1916 2669 2054 2730 ergo
2091 2657 2158 2709 et

150 2748 187 2801 5
216 2739 429 2799 civibus
457 2746 516 2799 et
543 2740 623 2799 rei
649 2741 892 2819 publicae
920 2741 1196 2800 salutaris,
1281 2742 1352 2800 In
1388 2741 1582 2820 primis
1624 2749 1818 2801 autem
1843 2741 2156 2800 videndum

216 2830 325 2889 erit
350 2830 417 2899 ei,
448 2831 545 2910 qui
570 2849 693 2890 rem
723 2831 1010 2910 publicam
1050 2831 1484 2903 administrabit,
1511 2840 1580 2891 ut
1606 2852 1774 2892 suum
1801 2832 2042 2910 quisque
2067 2839 2158 2890 te-

154 2925 189 2978 6
216 2927 367 2990 neat,
388 2941 574 3000 neque
594 2922 669 2980 de
688 2921 849 2980 bonis
870 2922 1223 3001 privatorum
1253 2923 1482 3000 publice
1509 2923 1821 2982 deminutio
1841 2923 1957 2981 fiat.
2015 2923 2156 2981 Per-

218 3011 423 3070 niciose
450 3012 600 3072 enim
626 3013 931 3092 Philippus
957 3013 1015 3070 in
1033 3013 1344 3081 tribunatu,
1363 3032 1494 3070 cum
1520 3013 1710 3092 legem
1735 3012 2018 3092 agrariam
2042 3013 2157 3070 fer-

218 3107 322 3169 ret,
351 3120 526 3178 quam
567 3109 759 3161 tamen
802 3103 1083 3181 antiquari
1121 3102 1288 3160 facile
1329 3121 1534 3180 passus
1573 3109 1680 3172 est,
1710 3111 1770 3162 et
1804 3103 1863 3162 in
1889 3123 1958 3162 eo
1985 3104 2158 3160 vehe-

220 3197 439 3248 menter
481 3210 543 3248 se
580 3193 944 3252 moderatum
984 3193 1284 3272 praebuit:
1305 3193 1432 3252 ‘sed
1472 3213 1604 3252 cum
1627 3194 1686 3252 in
1711 3194 1938 3273 agendo
1977 3194 2164 3252 multa

222 3279 591 3357 populariter,
620 3287 745 3339 tum
786 3282 929 3340 illud
968 3283 1134 3352 male,
1162 3303 1279 3342 non
1318 3301 1443 3341 esse
1482 3284 1539 3341 in
1583 3284 1809 3342 civitate
1851 3283 1970 3342 duo
2007 3283 2165 3340 milia

157 3369 192 3428 ¹7
220 3369 531 3440 hominum,
562 3371 660 3448 qui
698 3391 821 3430 rem
860 3373 1155 3432 haberent.
1240 3374 1514 3452 Capitalis
1550 3375 1748 3444 oratic,
1776 3382 1838 3433 et
1864 3373 1940 3432 ad
1969 3392 2162 3452 aequa·

222 3460 434 3518 tionem
476 3461 757 3520 bonorum
796 3462 1122 3540 pertinens:
1165 3482 1283 3541 qua
1310 3472 1472 3542 peste
1499 3484 1630 3542 quae
1670 3471 1863 3543 potest
1889 3483 2012 3522 esse
2039 3483 2164 3521 ma-

159 3556 195 3610 8
216 3549 312 3630 jor
332 3551 361 3608 ‘2
430 3551 597 3611 Hanc
636 3551 785 3610 enim
822 3553 898 3611 ob
940 3571 1170 3612 causam
1210 3555 1475 3623 maxime,
1503 3562 1572 3614 ut
1599 3573 1703 3614 sua
1729 3561 2040 3622 tuerentur,
2070 3573 2168 3612 res

162 3645 197 3698 9
224 3639 472 3718 publicae
498 3641 869 3721 civitatesque
896 3643 1223 3702 constitutae
1249 3649 1402 3702 sunt.
1469 3644 1626 3704 Nam
1649 3644 1757 3704 etsi
1781 3645 1932 3704 duce
1957 3651 2170 3704 natura
