2484 4175
313 305 396 362 28
625 346 650 401 ι.
1142 315 1220 355 nn
1264 312 1521 356 omens

285 491 293 498 .
351 451 391 506 4
495 445 572 506 Id
595 399 809 506 ¹autem
843 444 1036 525 ipsum
1073 443 1323 504 cernitur
1346 444 1405 503 in
1433 404 1758 509 duobua„·,ei
1783 445 1847 500 et
1872 437 2061 498 solum
2077 411 2165 507 id,
2195 436 2353 516 quod

415 537 721 594 honestum
745 535 835 603 sit,
865 537 1077 595 bonum
1099 533 1340 613 judieeS,
1362 539 1423 590 et
1448 532 1521 590 ab
1548 531 1701 589 omni
1727 529 1896 588 animi
1921 528 2351 606 perturbatione

351 633 390 686 5
415 627 557 685 liber
583 625 676 685 sia.
758 625 913 683 Nam
955 630 1015 682 et
1057 642 1143 692 ea,
1173 641 1307 700 quae
1334 621 1537 681 eximia
1575 619 1861 699 plerisque
1888 625 1949 676 et
1968 618 2250 697 praeclara
2274 616 2352 674 vi·

416 715 638 784 dentur,
687 733 864 793 parva
911 714 1138 782 ducere,
1179 731 1362 790 eaque
1410 711 1627 768 ratione
1672 709 1861 768 stabili
1900 708 2179 784 firmaque
2222 725 2351 764 con·
2465 739 2468 750 ·

415 812 686 874 temnere,
713 805 878 863 fortis
922 803 1094 862 animi
1132 802 1442 880 magnique
1481 798 1810 859 ducendum
1850 805 1974 857 est:
2016 804 2077 855 et
2104 815 2193 864 ea,
2224 815 2353 874 quoe
2466 813 2468 818 ·

417 894 683 954 videntur
724 895 946 962 acerba,
976 911 1108 970 quaa
1145 892 1330 950 muita
1368 898 1429 950 et
1467 889 1623 948 varia
1660 889 1719 948 in
1761 888 2055 948 hominum
2080 887 2203 945 vita
2241 886 2353 943 for-

419 990 669 1061 tunaque
694 989 1008 1051 versantur,
1035 983 1118 1041 ita
1159 981 1327 1050 ferre,
1356 987 1421 1040 ut
1464 979 1604 1038 nihil
1647 997 1684 1036 a
1726 985 1887 1038 statu
1923 983 2144 1036 naturae
2172 974 2357 1034 disee-

419 1073 545 1142 das,
572 1072 710 1131 nihil
736 1091 773 1130 a
797 1072 1078 1152 dignitate
1105 1070 1393 1149 sapientia,
1420 1068 1651 1134 robusti,
1676 1067 1849 1126 animi
1884 1072 1977 1124 est
2011 1083 2359 1143 magnaeque

355 1169 392 1222 6
421 1163 768 1245 constantiae.
787 1163 986 1232 *Non
1029 1167 1118 1220 est
1164 1166 1361 1220 autem
1402 1160 1862 1227 conaentaneum,
1904 1155 2005 1234 qui
2040 1161 2207 1213 metu
2242 1171 2360 1212 non

419 1253 732 1334 frangatur,
761 1271 894 1311 eum
932 1251 1118 1330 frangi
1155 1249 1504 1329 cupiditate;
1542 1266 1667 1317 nec,
1696 1246 1799 1325 qui
1820 1245 2093 1304 invictum
2119 1262 2185 1303 se
2211 1264 2250 1302 a
2276 1243 2359 1303 la-

355 1341 394 1401 '1
420 1343 559 1402 bore
606 1341 952 1420 praestiterit,
979 1340 1126 1400 vinci
1163 1357 1201 1398 a
1238 1339 1553 1418 voluptate.
1634 1337 1825 1408 Quam
1862 1335 1939 1396 ob
1982 1353 2105 1394 rem
2130 1340 2194 1393 et
2230 1334 2359 1392 haec

418 1431 680 1499 videnda,
709 1437 770 1488 et
795 1430 1052 1508 pecuniae
1075 1428 1351 1508 fugienda
1376 1428 1675 1508 cupiditas,
1757 1427 1917 1486 Nihil
1942 1425 2092 1485 enim
2118 1431 2211 1484 est
2236 1431 2359 1483 tam

417 1520 647 1598 angusti
673 1518 845 1576 animi
870 1525 1106 1595 tamque
1146 1518 1325 1596 parvi,
1356 1537 1531 1596 quam
1570 1535 1761 1576 amare
1788 1517 2047 1586 divitia-83
2086 1514 2231 1574 nihil
2254 1515 2361 1573 ho-

421 1609 638 1666 nestius
689 1607 1257 1686 magnificentiusque
1304 1625 1479 1685 quam
1532 1607 1832 1687 pecuniam
1884 1612 2275 1690 contemnere,¹
2314 1604 2363 1662 si

419 1716 535 1755 non
559 1697 792 1764 habeaS,
815 1697 864 1755 si
889 1697 1121 1764 habeaS,
1143 1695 1220 1754 ad
1239 1697 1670 1756 beneficentiam
1695 1697 2205 1772 liberalitatemque
2226 1690 2361 1753 con-

357 1793 392 1846 8
419 1786 584 1846 ferre.
667 1786 940 1844 Cavenda
985 1785 1158 1846 etiam
1198 1793 1289 1845 est
1333 1786 1533 1865 gloriae
1572 1786 1873 1865 cupiditas,
1900 1791 1969 1843 ut
2006 1803 2181 1864 supra
2223 1784 2361 1843 dixi.

422 1875 607 1955 Eripit
645 1876 796 1934 enim
831 1875 1172 1946 libertatem,
1202 1895 1309 1955 pro
1336 1895 1451 1954 qua
1489 1876 1860 1956 magnanimis
1886 1875 2019 1934 viris
2046 1874 2231 1933 omnis
2258 1873 2360 1932 de-

286 2005 296 2028 .-
358 1973 394 2026 9
423 1967 522 2026 bet
561 1984 686 2024 esse
725 1966 1026 2026 contentio.
1109 1966 1234 2025 Nec
1264 1985 1399 2025 vero
1438 1966 1677 2045 imperia
1702 1964 2040 2044 expetenda,
2070 1983 2137 2023 ac
2164 1963 2363 2042 potius

423 2063 526 2117 aut
565 2075 680 2117 non
721 2056 1052 2139 accipienda
1089 2055 1396 2127 interdum,
1426 2064 1530 2115 aut
1568 2055 1907 2135 deponenda
1934 2072 2361 2133 nonnunquam.

321 2153 398 2207 10
425 2136 767 2211 Vacandum
790 2154 988 2206 autem
1027 2147 1182 2205 omni
1223 2154 1314 2205 est
1351 2147 1527 2207 animi
1569 2146 2009 2224 perturbatione,
2038 2164 2171 2203 cum
2199 2145 2363 2223 cupi-

421 2237 602 2296 ditate
641 2244 702 2295 et
739 2242 918 2304 metu,
946 2242 1074 2294 tum
1111 2236 1283 2293 etiam
1312 2235 1651 2313 aegritudine
1678 2241 1737 2293 et
1763 2230 2075 2316 voluptate,
2099 2234 2273 2293 animi
2300 2240 2367 2315 et

420 2326 744 2393 iracundia3
783 2331 851 2382 ut
875 2323 1250 2401 tranquillitas
1276 2323 1448 2381 animi
1465 2330 1526 2381 et
1552 2324 1823 2410 securitas
1848 2308 2164 2403 adsitgquae
2190 2316 2367 2383 affert

213 2438 218 2447 ·
320 2420 391 2474 11
423 2432 557 2472 cum
603 2411 994 2481 constantiam,
1024 2418 1150 2471 tum
1195 2412 1369 2471 etiam
1412 2407 1768 2491 dignitatem.
1851 2412 2021 2475 Multi
2064 2420 2257 2472 autem
2300 2421 2367 2473 et

250 2510 260 2516 “
421 2508 572 2569 sunt,
599 2509 662 2561 et
698 2502 947 2570 fuerunt,
975 2501 1076 2581 qui
1111 2520 1259 2571 eam,
1288 2520 1462 2579 quam
1502 2501 1648 2570 dico,
1676 2503 2145 2583 tranquillitatem
2182 2522 2363 2583 expe-

423 2599 626 2659 tentes,
657 2608 692 2649 a
729 2590 972 2669 negotiis
1014 2591 1255 2669 publicis
1299 2610 1363 2649 se
1400 2588 1758 2661 removerint,
1786 2593 1865 2651 ad
1904 2594 2197 2671 otiumque
2227 2614 2362 2673 per-

421 2680 688 2760 fugerint.
770 2680 843 2738 In
860 2680 949 2739 his
971 2689 1032 2740 et
1055 2681 1383 2783 &Qissssimi
1409 2682 1735 2763 philosophi
1758 2683 2045 2762 longeque
2073 2684 2365 2764 principes
2458 2734 2460 2739 .

423 2778 485 2830 et
501 2770 734 2850 quidam
756 2770 1013 2830 homines
1034 2790 1215 2830 seven
1239 2778 1302 2831 et
1326 2790 1531 2851 graves
1550 2791 1656 2831 nec
1684 2774 1884 2852 populi
1900 2792 2006 2832 nec
2034 2773 2365 2854 principum

421 2880 607 2921 mores
649 2861 798 2920 ferre
840 2867 1187 2940 potuerunt:
1229 2862 1605 2941 vixeruntque
1643 2863 1901 2933 nonnulli
1936 2863 1997 2921 in
2036 2850 2209 2942 ‘'agi-ia,
2256 2864 2364 2923 de-

322 2958 393 3011 12
422 2952 616 3013 lectati
639 2970 702 3011 re
729 2970 836 3011 sua
859 2950 1136 3011 familiari.
1217 2952 1327 3011 His
1352 2951 1507 3011 idem
1546 2937 1903 3031 pro'poaitum
1927 2952 2053 3021 fuit,
2081 2953 2243 3031 quod
2268 2974 2365 3014 re-

419 3042 606 3121 gibuS,
635 3048 704 3102 ut
743 3061 818 3101 ne
857 3060 972 3120 qua
1011 3060 1074 3099 re
1117 3048 1369 3121 egerent,
1398 3060 1471 3101 ne
1498 3043 1591 3101 cui
1616 3050 1901 3122 parerent,
1927 3042 2189 3103 libertate
2231 3051 2364 3105 ute-

421 3139 652 3191 rentur:
695 3125 1182 3213 cujua.'pi·op1·ium
1209 3138 1299 3192 est
1324 3132 1405 3193 aie
1430 3131 1637 3202 vivere,
1664 3138 1733 3191 ut
1758 3132 1915 3193 velis,

500 3308 660 3368 XXI.
689 3308 895 3377 Quare,
911 3328 1042 3368 cum
1057 3310 1167 3369 hoc
1179 3330 1479 3397 commune
1496 3311 1569 3372 sit
1580 3311 1855 3394 potentiae
1870 3312 2207 3391 cupidorum
2224 3312 2365 3374 cum
2455 3326 2456 3354 ¹

425 3398 509 3467 iis,
536 3416 681 3475 quos
707 3396 840 3465 dixi,
861 3398 1085 3457 otiosis:
1127 3400 1291 3460 alteri
1330 3420 1394 3461 se
1420 3398 1662 3480 adipisci
1694 3401 1756 3461 id
1792 3421 1961 3481 posse
1986 3403 2363 3474 arbitrantur,
2452 3480 2454 3485 ¹

420 3487 470 3545 si
513 3504 652 3565 opes
691 3504 930 3565 magnas
969 3486 1251 3547 habeant:
1292 3491 1555 3575 alter-insi
1592 3492 1847 3551 contenti
1888 3492 2002 3551 sint
2040 3498 2102 3551 et
2140 3512 2268 3562 su0,
2298 3500 2364 3552 et
2452 3518 2454 3529 ¹

358 3583 394 3639 2
422 3594 617 3657 parvo.
658 3632 664 3639 ,
700 3575 772 3634 In
813 3594 932 3653 quo
972 3583 1307 3637 neutrorum
1347 3580 1575 3640 omnino
1618 3581 2034 3643 contemnenda
2075 3584 2362 3642 sententia

422 3672 544 3727 eet:
573 3664 678 3725 sed
703 3672 766 3725 et
789 3664 1007 3725 facilior
1025 3672 1087 3725 et
1111 3666 1290 3727 tutior
1314 3674 1376 3727 et
1400 3669 1587 3729 minus
1614 3668 1737 3730 aliis
1758 3672 1957 3759 gravis
1982 3678 2085 3733 aut
2110 3672 2361 3733 molesta
2450 3658 2452 3727 3
