2484 4175
927 310 1101 353 mna
1123 312 1189 353 11.
1269 310 1404 355 car.
1433 310 1520 352 111.
2159 299 2236 355 ⁵9

196 438 335 515 quid
364 446 655 517 sequatur.
738 439 883 510 Quae
908 440 1057 499 enim
1082 447 1237 501 esset
1269 440 1380 501 ista
1403 458 1584 511 mens,
1609 440 1702 501 vel
1727 458 1862 520 quae
1884 439 2002 502 vita
2027 460 2128 521 po-
2159 446 2234 500 12

196 528 328 599 tius,
352 542 471 587 non
488 528 664 589 modo
682 528 1025 607 disputandi,
1048 530 1151 589 sed
1170 530 1344 589 etiam
1363 530 1588 590 vivendi
1613 532 1830 589 ratione
1855 531 2084 591 sublata
2099 532 2128 589 ‘2

196 618 321 675 Nos
364 625 579 687 antem,
606 626 677 677 ut
716 619 887 678 ceteri
924 619 1037 679 alia
1074 626 1250 689 certa,
1277 620 1390 679 alia
1413 620 1628 681 incerta
1653 640 1778 679 esse
1805 620 2018 689 dicunt,
2047 621 2126 681 sic
2159 626 2232 681 13

193 708 269 765 ab
284 707 377 765 his
398 708 813 777 dissentientes,
834 708 943 767 alia
964 708 1298 787 probabilia,
1319 716 1517 769 contra
1536 710 1646 769 alia
1665 709 1922 769 dicimus·
1977 710 2130 781 Quid
2159 714 2234 769 14

194 804 283 855 est
307 797 507 877 igitur,
527 797 687 876 quod
712 816 805 857 me
832 798 1123 876 impediat,
1146 817 1215 858 ea
1240 818 1373 877 quae
1399 800 1712 878 probabilia
1735 800 1876 859 mihi
1899 800 2128 859 videan-

194 891 303 954 tur,
334 886 547 965 sequi?
587 904 721 966 quae
762 894 975 956 contra,
1002 888 1365 967 improbare;
1405 897 1579 967 atque
1619 889 1935 949 affirmandi
1973 908 2128 949 arro-

192 975 451 1053 gantiam
476 974 769 1046 vitantem,
794 976 997 1055 fugere
1022 978 1420 1048 temeritatem,
1449 998 1580 1059 quae
1603 998 1642 1037 a
1667 979 1944 1058 sapientia
1967 978 2127 1039 dissi-
2171 1034 2178 1043 .

192 1065 295 1123 det
336 1064 655 1143 plurimum
672 1066 700 1123 ‘2
780 1066 997 1125 Contra
1034 1074 1229 1127 autem
1267 1068 1456 1127 omnia
1484 1068 1809 1147 disputatur
1841 1086 1880 1127 a
1903 1069 2127 1139 nostris,
2158 1074 2232 1129 15

194 1154 355 1232 quod
378 1155 493 1213 hoc
518 1155 707 1233 ipsum
732 1156 1026 1233 probabile
1050 1156 1275 1216 elucere
1300 1176 1416 1217 non
1439 1159 1638 1237 possit,
1657 1156 1766 1215 nisi
1789 1176 1863 1215 ex
1887 1164 2130 1235 utraque

194 1251 361 1321 parte
398 1263 699 1303 causarum
736 1251 887 1304 esset
925 1246 1080 1305 facta
1116 1247 1420 1307 contentia
1499 1247 1618 1307 Sed
1662 1247 1790 1305 haec
1829 1247 2131 1325 explanata
2159 1252 2234 1306 16

194 1342 329 1393 sunt
355 1334 414 1392 in
440 1334 802 1394 Academicis
826 1336 1033 1395 nostris
1058 1336 1215 1405 satis,
1243 1344 1310 1395 ut
1335 1336 1596 1405 arbitror,
1623 1336 1936 1415 diligenter.
2005 1336 2131 1397 Tibi
2157 1336 2233 1398 1⁷

194 1430 407 1493 antem,
436 1424 518 1483 mi
545 1424 765 1493 Cicero,
793 1444 1141 1512 quamquam
1165 1426 1224 1485 in
1249 1426 1641 1531 antiquissima
1672 1425 2130 1529 nobilissimaque
2182 1486 2192 1501 ,

197 1513 581 1593 philosophia,
630 1513 909 1593 Cratippo
962 1516 1214 1585 auctore,
1263 1516 1518 1586 versaris,
1567 1516 1636 1575 iis
1687 1512 1983 1585 simillime,
2029 1504 2130 1595 qui

194 1604 303 1661 ista
330 1603 615 1682 praeclara
639 1610 1019 1681 pepererunt3
1046 1610 1241 1665 tamen
1265 1606 1396 1665 haec
1415 1612 1626 1677 nostra,
1649 1605 1882 1665 finitima
1905 1606 2127 1676 vestris,

195 1692 393 1771 ignota
418 1711 549 1751 esse
572 1692 745 1753 nolui.
826 1692 993 1752 Sed
968 1712 1091 1772 Jam
1117 1693 1194 1753 ad
1220 1694 1482 1755 instituta
1506 1714 1832 1775 pei-gamm.

272 1874 391 1932 111.
422 1872 687 1951 Quinque
706 1872 882 1952 igitur
898 1872 1209 1933 rationibus
1228 1874 1532 1955 propositis
1552 1874 1717 1935 officii
1733 1862 2128 1955 persequendi,

196 1981 441 2040 quarum
450 1962 587 2021 duae
600 1962 677 2021 ad
688 1963 863 2022 decus
876 1963 1348 2042 honestatemque
1363 1964 1726 2044 pertinerent,
1740 1963 1874 2023 duae
1890 1963 2128 2022 adcom-

196 2052 368 2113 moda
394 2053 549 2122 vitae‚
580 2052 791 2132 copias,
820 2071 979 2132 opes,
1006 2052 1331 2123 facultates,
1357 2054 1556 2133 quinta
1583 2053 1660 2113 ad
1695 2050 1942 2132 eligendi
1975 2050 2128 2131 judi-

200 2144 364 2213 cium,
408 2144 459 2202 si
496 2143 727 2222 quando
766 2161 851 2212 ea,
881 2161 1013 2221 quae
1048 2143 1183 2213 dixi,
1210 2162 1472 2222 pugnare
1509 2143 1659 2202 inter
1682 2160 1746 2200 se
1771 2139 2128 2200 viderentur.

199 2233 515 2293 honestatis
541 2251 675 2313 pars
694 2233 955 2292 confecta
974 2239 1079 2302 est,
1102 2251 1278 2311 quam
1297 2232 1529 2312 quidem
1555 2231 1660 2292 tibi
1685 2230 1854 2310 cupio
1879 2249 2006 2290 esse
2030 2248 2129 2290 no-

202 2323 493 2384 tissimam.
574 2323 704 2382 Hoc
744 2328 955 2391 autem,
985 2321 1061 2381 de
1088 2341 1203 2401 quo
1238 2341 1390 2382 nunc
1429 2322 1670 2402 agimuS,
1696 2321 1758 2381 id
1795 2321 1985 2400 ipsum
2022 2327 2127 2389 est,
2157 2325 2194 2380 2

201 2414 353 2490 quod
397 2413 575 2472 utile
616 2412 955 2492 appellatur.
1008 2411 1107 2472 Ιιι
1148 2431 1264 2490 quo
1303 2412 1468 2492 lapsa
1510 2411 1861 2472 consuetudo
1898 2410 2130 2472 deflexit
2157 2417 2194 2470 3

203 2502 273 2562 de
305 2503 421 2572 via,
456 2502 776 2580 sensimque
816 2521 885 2562 eo
926 2501 1177 2561 deducta
1214 2509 1324 2572 est,
1362 2509 1431 2562 ut
1469 2503 1826 2561 honestatem
1864 2501 1940 2560 ab
1979 2501 2128 2562 utili-

203 2599 315 2650 tate
344 2610 647 2651 secernens
674 2591 1059 2661 constitueret,
1080 2610 1207 2652 esse
1231 2591 1538 2652 honestum
1561 2591 1788 2670 aliquid,
1809 2591 1968 2670 quod
1993 2591 2132 2650 utile

202 2700 312 2741 non
337 2688 511 2750 esset,
540 2689 601 2740 et
638 2681 793 2750 utile,
822 2681 979 2759 quod
1004 2699 1122 2740 non
1156 2682 1492 2742 honestum:
1535 2699 1650 2759 qua
1672 2681 1831 2740 nulla
1856 2679 2131 2760 pernicies

202 2773 385 2852 major
412 2771 707 2830 hominum
730 2771 864 2831 vitae
891 2771 1079 2850 potuit
1104 2771 1308 2831 afferri.
1377 2770 1614 2830 Summa
1633 2769 1864 2848 quidem
1888 2769 2128 2834 auetori—
2157 2773 2194 2827 4

203 2869 325 2922 tate
366 2861 718 2940 philosophi,
744 2879 940 2920 severe
978 2879 1115 2920 sane
1151 2867 1328 2940 atque
1352 2861 1608 2928 honeste,
1637 2860 1764 2918 haec
1789 2859 1898 2918 tria
1922 2875 2133 2936 genera

201 2951 459 3020 confusa,
489 2951 829 3030 cogitatione
854 2950 1229 3030 distinguunt.
1311 2950 1594 3029 Quicquid
1621 2949 1768 3008 enim
1791 2948 2012 3026 justum
2037 2946 2128 3014 sit,
2157 2954 2194 3006 5

198 3042 258 3100 id
276 3041 457 3102 etiam
474 3041 613 3100 utile
632 3059 757 3100 esse
776 3048 1039 3100 censent:
1080 3041 1328 3121 itemque
1347 3039 1504 3118 quod
1523 3041 1840 3105 honestum,
1861 3035 2013 3094 idem
2035 3035 2128 3115 ju-

200 3138 373 3191 stum.
458 3131 553 3189 Ex
577 3149 693 3208 quo
719 3130 976 3200 efficitur,
1004 3137 1087 3201 ut,
1116 3129 1386 3209 quicquid
1423 3130 1728 3188 honestum
1766 3126 1870 3196 sit,¹
1883 3125 2034 3185 idem
2059 3125 2134 3188 sit
2275 3203 2280 3210 .

200 3222 356 3280 utile.
443 3220 613 3291 Quod
640 3221 738 3298 qui
771 3239 976 3300 parum
1003 3220 1368 3300 perspiciunt,
1397 3219 1459 3278 hi
1484 3237 1640 3296 saepe
1666 3223 1924 3279 versutos
1951 3215 2130 3278 homi·
2159 3221 2198 3276 6

198 3330 301 3372 nes
348 3319 413 3370 et
458 3309 691 3370 callidos
736 3310 1099 3379 admirantes,
1146 3309 1422 3369 malitiam
1474 3307 1806 3411 sapientiam
1851 3306 2130 3386 judicant.

201 3403 465 3473 Quorum
492 3419 649 3470 error
675 3400 996 3480 eripiendus
1024 3406 1129 3468 est,
1162 3399 1464 3478 opinioque
1504 3398 1684 3457 omnis
1710 3397 1788 3456 ad
1814 3414 1942 3456 eam
1970 3413 2132 3474 spem
2161 3392 2196 3453 '¹1

200 3491 577 3560 traducenda,
606 3497 675 3549 ut
707 3490 961 3550 honestis
986 3479 1231 3549 consiliis
1266 3488 1552 3568 justisque
1577 3487 1760 3556 factis,
1789 3504 1902 3546 non
1929 3481 2132 3542 fraude

200 3590 263 3642 et
286 3582 519 3652 malitia,
550 3599 615 3639 se
640 3555 957 3659 intelligant
973 3592 1067 3648 ea,
1098 3597 1229 3658 quae
1255 3578 1448 3646 velint,
1477 3575 1746 3654 consequi
1771 3591 1958 3652 posse.

284 3673 431 3744 Quae
474 3689 619 3752 ergo
658 3668 735 3729 ad
772 3671 949 3733 vitam
994 3669 1288 3728 hominum
1333 3665 1609 3726 tuendam
1654 3663 1954 3742 pertinent,
1999 3674 2128 3738 par-
2156 3663 2199 3720 8
