2484 4175
896 286 1069 328 mmm
1094 286 1136 327 1.
1234 286 1371 329 cAP.
1401 288 1559 329 mx.
2174 268 2244 331 3²

191 410 323 471 loco
347 413 521 491 plura
545 414 660 473 dici
684 416 888 474 solent.
972 415 1091 475 Sed
1130 422 1256 475 tum
1293 436 1518 476 servare
1555 416 1699 476 illud
1738 424 1958 495 poetas,
1985 416 2161 495 quod
2171 423 2208 475 2

192 503 417 573 deceat,
444 504 703 574 dicimus,
727 524 859 563 cum
866 505 963 573 id,
986 506 1142 583 quod
1162 526 1390 584 quaque
1417 525 1660 584 persona
1687 508 1924 599 dignum
1953 514 2060 577 est,
2081 514 2144 565 et

191 594 272 661 fit,
298 602 360 651 et
381 594 609 654 dicitur.
679 596 783 663 Ut,
807 596 857 653 si
881 586 1105 655 AEacus
1132 604 1233 654 aut
1261 597 1452 655 Minos
1479 598 1694 656 diceret
1726 592 1973 666 Oderint,
2001 599 2144 655 dum

192 692 465 752 metuant,
494 691 597 743 aut
622 667 803 763 ψαιίε
827 687 1125 761 sepulcro
1100 705 1215 761 epse
1240 695 1320 744 est
1335 706 1588 761 parens;
1627 672 1958 745 indecorum
1985 688 2140 746 vide·

70 820 81 830 .
192 781 369 842 retur,
398 775 559 852 quod
585 794 687 833 eos
710 775 885 835 fuisse
919 777 1110 855 justos
1149 778 1490 855 accepimus,
1573 777 1660 837 At
1685 778 1870 840 Atreo
1895 778 2140 847 dicente,

190 864 436 941 plausus
476 864 812 924 excitantur.
892 866 1000 924 Est
1042 865 1192 925 enim
1236 867 1410 945 digna
1451 886 1694 946 persona
1735 866 1931 927 oratio·
2013 866 2134 927 Sed
2163 874 2200 927 3

190 960 408 1030 poetae,
438 953 578 1034 quid
614 973 895 1035 quemque
922 954 1141 1025 deceat,
1170 975 1241 1014 ex
1281 974 1524 1034 persona
1558 956 1936 1035 judicabunt.
1975 959 2140 1017 nobis

189 1050 391 1101 autem
418 1056 729 1121 personam
752 1044 1023 1123 imposuit
1038 1045 1165 1123 ipsa
1182 1021 1388 1104 natura
1414 1064 1628 1123 magna
1647 1065 1780 1105 cum
1805 1046 2142 1105 excellentia

190 1126 651 1211 praestantiaque
679 1133 1049 1192 animantium
1075 1134 1440 1213 reliquarum.
1523 1135 1804 1203 Quocirca
1843 1141 2053 1213 poetae,
2081 1134 2141 1193 in
2165 1138 2204 1193 4

188 1240 413 1301 magna
440 1223 715 1281 varietate
757 1242 1147 1301 personarum,
1190 1224 1365 1283 etiam
1391 1223 1608 1283 vitiosis
1645 1223 1786 1302 quid
1825 1222 2140 1293 conveniat,

190 1318 255 1371 et
280 1312 427 1390 quid
466 1312 685 1382 deceat,
714 1312 1025 1372 videbunt:
1066 1314 1231 1373 nobis
1275 1320 1472 1372 autem
1515 1332 1648 1371 cum
1688 1332 1724 1371 a
1762 1320 1969 1371 natura
2009 1333 2140 1372 con·

191 1402 442 1473 suintiae,
482 1404 899 1473 moderationis,
947 1405 1357 1483 temperantiae,
1398 1404 1753 1463 verecundiae
1799 1410 1996 1483 partes
2037 1402 2138 1463 da·-

191 1501 275 1551 tae
300 1494 457 1562 sint3
498 1513 743 1571 cumque
771 1494 974 1552 eadem
1001 1500 1203 1553 natura
1230 1494 1436 1553 doceat
1461 1512 1575 1551 non
1599 1493 1911 1573 negligere,
1941 1493 2136 1572 quem-

190 1582 515 1641 admodum
558 1603 663 1643 nos
710 1582 983 1641 adversus
1023 1583 1282 1642 homines
1319 1602 1624 1662 geramus:
1668 1584 1923 1653 efficitur,
1971 1590 2040 1642 ut
2078 1590 2140 1643 et

190 1673 355 1741 illud,
388 1673 550 1751 quod
572 1674 653 1731 ad
680 1692 908 1731 omnem
946 1673 1306 1733 honestatem
1347 1673 1607 1750 pertinet,
1639 1673 1929 1742 decorum,
1959 1692 2137 1751 quam

189 1763 311 1820 late
333 1756 535 1821 fusum
562 1763 654 1831 sit,
682 1758 996 1840 appvi’reat,
982 1782 995 1795 ·
1040 1770 1099 1821 et
1124 1764 1253 1831 hoc,
1284 1762 1441 1841 quod
1481 1769 1774 1840 spectatur
1797 1763 1857 1821 in
1881 1782 2136 1841 unoquo-

190 1871 303 1931 que
329 1870 548 1931 genere
563 1852 803 1911 virtutis,
866 1852 951 1909 Ut
967 1850 1117 1911 enim
1142 1850 1512 1930 pulchritudo
1539 1852 1792 1931 corporis
1817 1859 1956 1930 apta
1983 1871 2136 1910 com·
2164 1859 2202 1911 5

190 1943 475 2020 positione
522 1942 910 2001 membrorum
956 1948 1149 2001 movet
1189 1941 1402 2009 oculos,
1443 1947 1504 1999 et
1543 1941 1796 2000 delectat
1839 1941 1950 1999 hoc
1989 1941 2146 2019 ipso,-

190 2032 351 2135 quod
376 2032 531 2090 inter
554 2050 617 2090 se
644 2048 841 2090 omnes
867 2038 1061 2110 partes
1089 2050 1220 2090 cum
1246 2030 1500 2111 quodam
1523 2027 1722 2109 lepore
1745 2023 2135 2089 consentiunt·

191 2123 271 2181 sic
298 2123 415 2180 hoc
442 2122 732 2189 decorum,
764 2121 931 2223 quod
962 2121 1151 2179 elucet
1188 2122 1246 2180 in
1271 2121 1406 2190 vita,
1435 2127 1631 2180 movet
1667 2119 2139 2197 approbationem

190 2231 413 2280 eorum,
442 2212 787 2298 quibuscum
812 2196 1036 2279 vivitur,
1077 2209 1274 2269 ordine
1315 2217 1376 2268 et
1417 2210 1735 2270 constantia
1775 2215 1838 2266 et
1875 2207 2135 2266 modera-

192 2303 345 2360 tione
362 2299 649 2360 dictorum
666 2300 921 2359 omnium
937 2307 1111 2381 atque
1126 2301 1430 2359 factorum.
1490 2299 1844 2359 Adhibenda
1857 2304 1948 2358 est
1963 2297 2138 2378 igitur
2163 2305 2200 2359 6

191 2393 466 2470 quaedam
512 2390 825 2450 reverentia
863 2390 1139 2449 adversus
1178 2390 1456 2458 homines,
1497 2396 1558 2448 et
1597 2390 1798 2468 optimi
1837 2389 2132 2468 cujusque,

192 2489 249 2541 et
287 2482 658 2559 reliquorum.
740 2480 894 2538 Nam
936 2480 1248 2559 negligere,
1280 2478 1420 2558 quid
1458 2479 1531 2538 de
1559 2499 1622 2538 se
1648 2481 1884 2558 quisque
1909 2481 2132 2550 sentiat,

192 2591 304 2631 non
332 2572 527 2630 solum
552 2568 869 2649 arrogantis
908 2576 1020 2638 est,
1044 2570 1147 2628 sed
1188 2569 1361 2628 etiam
1404 2570 1632 2628 omniuo
1673 2570 1946 2630 dissoluti.
2027 2571 2136 2630 Est
2163 2571 2198 2630 ’1

194 2669 393 2721 autem
438 2659 599 2739 quod
642 2660 883 2728 differat,
930 2659 991 2718 in
1045 2659 1340 2718 hominum
1393 2660 1610 2718 ratione
1663 2660 1942 2730 habenda,
1989 2659 2138 2718 inter

187 2751 475 2828 justitiam
510 2756 571 2808 et
594 2749 1009 2809 verecundiam.
1091 2749 1130 2809 J
1131 2749 1341 2808 ustitiae
1381 2756 1576 2828 partes
1615 2757 1749 2810 sunt
1786 2769 1902 2831 non
1926 2749 2134 2809 violare
2163 2745 2200 2808 ’8

192 2841 473 2908 homineS,
499 2839 857 2899 verecundiae
884 2858 1001 2898 non
1026 2838 1332 2908 offendere,
1360 2838 1418 2896 in
1445 2857 1560 2917 quo
1585 2840 1827 2897 maxime
1864 2837 2134 2916 perspici-

192 2937 287 2989 tur
310 2930 401 2990 vis
430 2929 636 2988 decori.
694 2925 705 2955 '
717 2928 827 2988 His
850 2929 1025 3008 igitur
1048 2929 1318 3008 expositis
1345 2929 1512 3008 quale
1540 2929 1616 2987 sit
1637 2928 1717 2996 id,
1745 2925 1902 3004 quod
1928 2924 2134 2985 decere

194 3019 455 3088 dicimus,
483 3019 834 3078 intellectum
859 3024 1021 3097 puto.

272 3199 546 3258 Officium
586 3203 801 3267 autem,
840 3197 997 3275 quod
1036 3197 1111 3256 ab
1149 3216 1221 3257 eo
1260 3197 1506 3268 ducitur,
1549 3198 1698 3258 hanc
1741 3195 1987 3276 primum
2031 3198 2132 3258 ha-
2161 3205 2197 3261 9

194 3289 293 3348 bet
320 3287 495 3358 viam,
524 3305 659 3364 quae
683 3286 917 3347 deducit
938 3286 1015 3344 ad
1054 3287 1500 3346 convenientiam
1539 3288 2134 3367 conservationemque

196 3384 455 3436 naturae:
494 3395 669 3454 quam
708 3376 757 3434 si
795 3393 1097 3453 sequemur
1136 3375 1362 3446 ducem,
1396 3395 1685 3455 nunquam
1725 3379 2131 3448 aberrabimuS,

197 3484 618 3544 sequemurque
642 3473 701 3524 et
724 3465 803 3534 id,
830 3465 987 3543 quod
1013 3472 1246 3524 acutum
1273 3472 1332 3524 et
1359 3467 1655 3545 perspicax
1678 3475 1884 3526 natura
1908 3474 2032 3534 est;
2073 3471 2134 3525 et

196 3555 275 3623 id,
300 3555 460 3633 quod
486 3553 564 3614 ad
582 3555 875 3612 hominum
904 3555 1370 3614 consociationem
1397 3555 1924 3622 accommodatum3
1965 3560 2026 3611 et
2051 3553 2129 3621 id,

196 3644 353 3724 quod
379 3645 691 3706 vehemens
730 3649 905 3724 atque
936 3643 1101 3703 forte.
1183 3642 1303 3701 Sed
1341 3643 1588 3702 maxima
1611 3642 1696 3702 vis
1723 3642 1914 3701 decori
1937 3641 1996 3700 in
2021 3640 2132 3703 hac
2160 3648 2232 3704 10
