2484 4175
193 283 269 336 '18
1019 293 1097 334 nn
1125 293 1382 334 omens

295 423 414 484 licis
441 423 818 503 imperavisse,
845 429 912 482 ut
937 422 1126 482 omnia
1164 423 1572 502 praeberentur,
1601 423 1921 503 quicunque
1946 423 2227 484 Laciades

294 514 352 574 in
377 515 567 573 villam
594 533 756 572 suam
783 513 1133 573 devertisset.

373 695 532 753 XIX.
575 694 720 764 Quae
750 699 944 752 autem
971 711 1162 772 opera,
1189 714 1307 754 non
1344 693 1655 774 largitione,
1686 694 1957 753 beneficia
1992 693 2227 762 dantur,

295 785 421 843 hoec
437 791 562 843 tum
579 785 639 844 in
650 784 971 844 universam
983 803 1103 842 rem
1120 783 1427 862 publicam,
1448 792 1570 843 tum
1586 785 1643 842 in
1658 783 1909 863 singulos
1926 784 2079 843 cives
2096 802 2232 842 con·

231 881 268 934 2
296 875 569 934 feruntur.
613 874 768 932 Nam
785 873 842 932 in
857 874 986 952 jure
1008 873 1226 944 cavere,
1247 875 1475 933 consilio
1487 874 1705 953 juvare,
1724 880 1897 952 atque
1917 874 2030 932 hoc
2050 874 2232 932 scien-

297 965 391 1023 tiae
434 983 641 1044 genere
681 964 956 1043 prodesse
994 983 1170 1042 quam
1208 963 1481 1043 plurimis,
1510 965 1875 1024 vehementer
1898 969 1959 1022 et
1984 963 2063 1022 ad
2090 982 2235 1042 opes

234 1059 270 1114 3
299 1055 592 1134 augendas
631 1055 893 1132 pertinet,
923 1060 983 1112 et
1024 1053 1100 1112 ad
1143 1055 1403 1133 gratiam.
1483 1053 1685 1132 Itaque
1713 1073 1845 1112 cum
1870 1054 2054 1111 multa
2081 1072 2235 1131 prae-

303 1145 456 1203 clara
473 1145 774 1224 majorum,
793 1151 918 1204 tum
935 1144 1089 1222 quod
1112 1143 1325 1222 optime
1344 1144 1635 1203 constituti
1648 1143 1791 1223 juris
1811 1142 1985 1202 civilis
2004 1161 2237 1201 summo

235 1239 272 1292 4
301 1253 526 1314 semper
550 1235 608 1293 in
633 1236 844 1294 honore
871 1233 980 1293 fuit
1000 1234 1245 1314 cognitio
1265 1242 1437 1312 atque
1462 1233 1883 1312 interpretatio;
1914 1251 2088 1310 quam
2108 1232 2235 1310 qui·

302 1325 437 1384 dem
478 1332 611 1383 ante
652 1325 800 1384 hanc
847 1324 1232 1382 confusionem
1272 1330 1595 1403 temporum
1633 1323 1692 1381 in
1734 1322 2087 1401 possessione
2126 1341 2239 1380 sua

302 1415 585 1492 principes
624 1413 1007 1472 retinuerunt:
1048 1432 1216 1482 nunc,
1245 1420 1313 1473 ut
1339 1415 1599 1482 honores,
1626 1420 1695 1471 ut
1720 1431 1915 1472 omnes
1941 1411 2239 1492 dignitatis

239 1512 274 1562 5
303 1504 535 1582 gradus,
565 1503 644 1560 sic
671 1503 846 1580 hujus
873 1503 1122 1562 scientiae
1145 1503 1418 1581 splendor
1443 1503 1665 1562 deletus
1692 1509 1811 1561 est:
1854 1503 2025 1580 idque
2054 1521 2123 1560 eo
2150 1501 2237 1560 in-

304 1592 546 1672 dignius,
567 1591 721 1670 quod
743 1610 811 1649 eo
832 1599 1091 1670 tempore
1111 1593 1221 1651 hoc
1240 1582 1496 1672 contigit,
1510 1613 1641 1652 cum
1659 1593 1706 1650 is
1728 1599 1895 1660 esset,
1918 1591 2017 1670 qui
2037 1611 2241 1650 omnes

305 1681 640 1760 superiores,
688 1681 895 1758 quibus
947 1682 1160 1740 honore
1208 1701 1315 1761 par
1366 1690 1533 1751 esset,
1582 1682 1811 1741 scientia
1863 1682 2027 1742 facile
2073 1682 2240 1742 vicis-

239 1779 274 1832 6
304 1778 409 1830 set.
491 1771 640 1830 Haec
665 1769 840 1849 igitur
866 1789 1054 1849 opera,
1077 1779 1245 1852 grata
1270 1773 1479 1841 multiS‚
1504 1780 1565 1831 et
1588 1767 1671 1830 ad'
1690 1773 1972 1832 benefic-iis
1993 1771 2243 1830 obstrin-

241 1862 276 1921 ¹7
305 1860 521 1942 gendos
548 1861 802 1920 homines
828 1863 1275 1923 accommodata.
1357 1862 1557 1940 Atque
1595 1863 1727 1920 huic
1754 1863 1862 1920 arti
1887 1862 2122 1920 finitima
2148 1869 2245 1920 est

307 1951 530 2011 dicendi
554 1952 814 2021 facultaS‚
836 1959 895 2011 et
920 1951 1164 2032 gravior,
1185 1959 1247 2012 et
1272 1953 1535 2011 ornatior.
1619 1953 1771 2023 Quid
1793 1953 1942 2011 enim
1968 1952 2241 2030 eloquen-

305 2042 387 2102 tia
432 2043 826 2123 praestabilius,
856 2044 948 2103 vel
995 2043 1367 2103 admiratione
1410 2043 1779 2112 audientium,
1809 2043 1901 2103 vel
1947 2062 2050 2122 spe
2093 2042 2243 2101 indi-

243 2140 278 2193 8
307 2135 581 2213 gentium,
609 2134 700 2193 vel
741 2154 954 2203 eorum,
984 2134 1082 2212 qui
1109 2134 1327 2193 defensi
1366 2141 1514 2202 sunt,
1543 2134 1730 2213 gratia
1746 2135 1775 2192 ‘2
1858 2133 2009 2191 Huic
2038 2153 2177 2213 ergo
2206 2152 2246 2191 a

243 2230 278 2283 9
307 2224 420 2303 maj
427 2225 618 2283 oribus
636 2224 841 2283 nostris
857 2231 943 2282 est
962 2224 1022 2282 in
1039 2231 1178 2303 toga
1199 2223 1487 2303 dignitatis
1505 2223 1853 2302 principatus
1874 2223 2061 2282 datus,
2132 2224 2244 2282 Di-

307 2314 442 2371 serti
480 2314 653 2392 igitur
691 2312 947 2382 bominis,
977 2321 1036 2372 et
1075 2313 1239 2372 facile
1279 2314 1604 2383 laborantiS‚
1634 2313 1905 2392 quodque
1944 2314 2001 2371 in
2041 2314 2245 2391 patriis

309 2410 397 2461 est
421 2403 689 2470 moribus,
719 2403 1028 2461 multorum
1055 2422 1255 2462 causas
1281 2410 1343 2461 et
1366 2422 1485 2461 non
1510 2410 1747 2483 gravate
1775 2410 1834 2462 et
1859 2404 2111 2481 gratuito
2138 2403 2245 2462 de-

208 2498 280 2554 10
307 2492 605 2559 fendentis,
624 2491 894 2551 beneficia
913 2500 974 2551 et
993 2494 1303 2571 patrocinia
1323 2493 1438 2551 late
1460 2499 1675 2570 patent.
1754 2492 2128 2552 Admonebat
2145 2512 2245 2551 me

307 2600 416 2650 reS,
444 2586 512 2639 ut
553 2581 662 2640 hoc
712 2600 940 2659 quoque
980 2582 1104 2641 loco
1147 2583 1617 2642 intermissionem
1658 2582 2011 2660 eloquentiae,
2040 2601 2113 2640 ne
2152 2583 2245 2642 di-

309 2660 435 2729 cam
460 2670 764 2741 interitum,
787 2672 1174 2749 deplorarem:
1216 2672 1275 2731 ni
1294 2692 1532 2742 vererer,
1554 2691 1627 2731 ne
1654 2672 1728 2731 de
1754 2692 1847 2731 me
1873 2674 1999 2751 ipso
2026 2672 2245 2751 aliquid

309 2760 534 2820 viderer
559 2762 735 2840 queri.
819 2760 938 2820 Sed
981 2768 1174 2821 tamen
1199 2761 1477 2831 videmus,
1506 2763 1711 2841 quibus
1752 2762 2012 2821 extinctis
2051 2768 2245 2823 orato-

307 2852 483 2922 ribus,
513 2871 688 2931 quam
729 2852 788 2910 in
830 2852 1026 2931 paucis
1053 2870 1202 2931 speS,
1233 2858 1449 2930 quanto
1487 2853 1545 2911 in
1585 2852 1947 2931 paucioribus
1973 2852 2243 2922 facultas,

215 2948 278 3002 11
310 2962 483 3021 quam
509 2944 568 3002 in
593 2942 790 3003 multis
817 2943 892 3001 sit
917 2941 1171 3001 audacia.
1241 2942 1393 3000 Cum
1420 2949 1612 3001 autem
1638 2961 1833 3002 omnes
1859 2961 1972 3000 non
2000 2942 2245 3019 possint,

309 3052 382 3091 ne
407 3034 573 3093 multi
598 3034 846 3111 quidem,
875 3039 977 3091 aut
1016 3032 1162 3112 juris
1208 3032 1373 3111 periti
1412 3051 1554 3101 esse,
1584 3038 1685 3090 aut
1712 3031 1938 3101 diserti3
1978 3032 2117 3091 licet
2154 3039 2244 3090 ta-

310 3142 442 3181 men
468 3142 643 3200 opera
668 3123 938 3201 prodesse
965 3123 1176 3191 multis,
1205 3122 1477 3181 beneficia
1503 3128 1811 3201 petentem,
1841 3122 2241 3179 commendan-

311 3219 432 3269 tem
467 3212 770 3289 judicibus,
801 3213 1240 3291 magistratibuS,
1270 3212 1599 3291 vigilantem
1639 3232 1746 3290 pro
1771 3231 1833 3271 re
1861 3211 2111 3281 alterius,
2142 3230 2245 3269 eos

311 3302 483 3378 iPSOS,
514 3300 610 3377 qui
650 3309 752 3360 aut
791 3302 1178 3370 consuluntur,
1209 3309 1313 3360 aut
1348 3301 1679 3369 defendunt,
1708 3308 2041 3381 rogantem:
2086 3301 2247 3379 quod

312 3390 411 3468 qui
435 3390 666 3457 faciunt,
698 3390 1001 3468 plurimum
1039 3392 1238 3469 gratiae
1271 3399 1707 3469 consequuntur,
1736 3391 2121 3468 latissimeque
2148 3410 2244 3449 eo-

213 3486 288 3541 12
318 3500 447 3539 rum
474 3486 670 3538 manat
694 3480 1054 3539 industria.‘⁴⁵:.
1067 3482 1105 3540 J
1107 3500 1203 3539 am
1240 3481 1383 3540 illud
1424 3502 1539 3541 non
1580 3488 1717 3539 sunt
1754 3480 2103 3539 admonendi
2132 3479 2247 3559 (est

315 3571 463 3629 enim
488 3571 546 3629 in
572 3569 866 3651 promptu)
893 3578 964 3629 ut
989 3569 1459 3641 animadvertant,
1489 3591 1620 3631 cum
1652 3572 1857 3650 juvare
1882 3571 2023 3631 alios
2052 3572 2244 3640 velint,

214 3668 289 3722 13
315 3680 388 3719 ne
427 3680 572 3739 quos
611 3660 916 3721 offendant.
999 3660 1169 3740 Saepe
1195 3660 1349 3719 enim
1393 3667 1495 3719 aut
1542 3680 1641 3720 eos
1686 3660 1930 3730 laedunt,
1958 3680 2107 3741 quos
2130 3678 2248 3721 non
