2484 4175
860 325 1036 366 mna
1073 323 1139 366 11.
1169 345 1176 358 ·
1221 323 1356 366 OAP.
1396 325 1526 366 vm.
2122 313 2197 370 6³

145 403 176 442 Δ
272 415 282 425 .
315 408 357 428 ,-

141 441 440 534 ‘quamdiu
480 452 778 533 imperium
817 454 1016 534 populi
1054 453 1297 514 Romani
1332 454 1612 516 beneficiis
1636 455 1955 525 tenebatur,
1982 475 2097 515 non

157 545 410 624 injuriis:
441 546 590 604 bella
617 551 718 602 aut
747 563 853 623 pro
879 545 1060 613 sociis,
1082 552 1182 603 aut
1211 545 1285 603 de
1310 546 1546 624 imperio
1572 547 1948 625 gerebantur3
1978 547 2093 606 exi-

157 642 256 694 tus
283 641 448 694 erant
474 635 751 693 bellorum
777 641 880 692 aut
905 635 1069 694 mites
1097 641 1200 692 aut
1235 635 1566 704 necessarii3
1608 654 1826 714 regum,
1854 637 2094 715 populo-

158 745 310 794 rum,
325 726 620 784 nationum
647 732 846 802 portus
873 730 996 784 erat
1015 732 1074 783 et
1097 725 1383 804 refugium
1408 732 1671 794 senatus3
1699 727 1875 784 nostri
1902 726 2158 786 au’teifi‘S
2224 718 2232 738 ²

158 815 528 894 magistratus
563 816 1044 893 imperatoresque
1071 833 1142 873 ex
1168 816 1277 874 hac
1302 834 1418 873 una
1442 834 1505 873 re
1530 816 1839 874 maximam
1864 816 2097 875 laudem

160 923 369 983 capere
396 905 720 973 studebant,
749 905 798 963 si
823 904 1152 984 provincias,
1183 905 1230 963 si
1256 906 1437 964 socios
1478 906 1745 984 aequitate
1770 912 1831 965 et
1856 905 1968 965 fide
1996 905 2094 965 de-

158 994 490 1052 fendissent.
548 995 751 1073 Itaque
777 994 918 1053 illud
939 995 1313 1073 patrocinium
1340 995 1491 1054 orbis
1510 1003 1680 1056 terrae
1697 997 1900 1065 verius,
1922 1015 2097 1074 quam
2123 1000 2161 1055 4

158 1085 462 1162 imperium
489 1092 715 1167 poterat
729 1085 1043 1167 ‚nominari3n
1061 1155 1068 1167 ι
1086 1147 1094 1157 ,
1112 1084 1335 1143 Sensim
1366 1086 1514 1143 hanc
1544 1086 2007 1167 consuetudinem
2035 1093 2095 1146 et
2122 1095 2159 1147 5

159 1173 515 1253 disciplinam
536 1175 658 1254 jam
682 1159 1076 1270 ffivgebamus'
1097 1161 1127 1233 τ’
1149 1181 1285 1254 post
1310 1194 1445 1234 vero
1472 1156 1969 1234 sfilrffi‘victmiam
1996 1195 2093 1254 pe-

156 1263 314 1324 nitus
357 1265 660 1324 amisimus
741 1254 1004 1324 De'sit'um
1045 1272 1134 1323 est
1172 1265 1323 1324 enim
1346 1264 1528 1324 videri
1564 1265 1869 1344 quicquam
1906 1267 1967 1324 in
2004 1285 2094 1324 so·
2124 1272 2159 1326 6

159 1355 278 1414 cios
305 1354 576 1432 iniquum,
605 1375 738 1414 cum
765 1355 1044 1414 extitisset
1071 1354 1128 1413 in
1155 1355 1307 1414 cives
1334 1362 1495 1414 tanta
1539 1354 1899 1422 crudelitasff
1939 1356 2095 1436 Ergo
2123 1355 2157 1415 '1
2192 1351 2213 1374 ⁸

157 1446 217 1503 in
243 1445 344 1506 illo
363 1452 560 1505 secuta
583 1453 674 1504 aet
698 1446 996 1504 honestam
1023 1463 1255 1504 causam
1280 1465 1395 1503 non
1421 1446 1663 1504 honesta
1681 1446 1929 1504 victoria.
1988 1446 2118 1504 Est-

159 1535 312 1596 enim
356 1555 530 1594 ausus
571 1535 776 1604 dicere,
805 1519 972 1594 hasta
1013 1535 1215 1615 posita,
1246 1555 1379 1594 cum
1412 1536 1565 1595 bona
1589 1536 1649 1596 in
1672 1536 1797 1595 foro
1822 1535 2097 1595 venderet
2115 1546 2151 1619 ⁹⁴,
2197 1567 2210 1578 ·

160 1633 220 1684 et
247 1628 526 1686 bonorum
549 1626 814 1693 virorum,
837 1632 896 1684 et
921 1625 1291 1708 locupletum,
1320 1633 1381 1684 et
1408 1633 1559 1685 certe
1587 1626 1809 1696 civium,
1838 1626 2096 1706 praedam
2112 1627 2141 1664 “¹
2156 1639 2168 1662 ‘-
2182 1626 2223 1658 =·⁴
2308 1636 2318 1644 ·
2364 1635 2372 1643 “

161 1735 222 1775 se
249 1735 417 1774 suam
442 1715 705 1775 vendere.
786 1715 1030 1774 Secutus
1058 1724 1162 1785 oet‚
1192 1715 1291 1794 qui
1329 1715 1388 1774 in
1432 1735 1605 1776 causa
1644 1717 1833 1796 impia,
1860 1717 2097 1776 victoria
2123 1723 2159 1776 8

159 1807 334 1865 etiam
362 1805 616 1875 foediore,
645 1825 758 1864 non
793 1806 1144 1885 singulorum
1185 1807 1392 1866 civium
1437 1807 1588 1866 bona
1627 1808 1961 1886 publicaret,
1990 1807 2096 1866 sed

157 1897 452 1954 universas
497 1896 810 1973 provincias
851 1895 1224 1975 regionesque
1264 1916 1379 1954 uno
1406 1897 1742 1956 calamitatis
1783 1897 1913 1976 jure
1940 1917 2094 1956 com-

158 1985 556 2065 prehenderet.
640 1986 860 2064 Itaque,
887 1986 1104 2045 vexatis
1131 2006 1200 2045 ac
1226 1986 1461 2064 perditis
1505 1986 1711 2044 exteris
1753 1987 2092 2056 nationibus,
2124 1993 2161 2046 9

156 2077 236 2136 ad
281 2077 608 2157 exemplum
649 2076 838 2137 amissi
877 2076 1097 2181 iman}
1136 2077 1353 2155 portari
1376 2076 1435 2135 in
1458 2076 1749 2155 triumpho
1788 2075 2122 2136 Massiliam,
2165 2106 2177 2113 .
2204 2091 2258 2120 μ’
2310 2171 2317 2187 .
2362 2109 2369 2119 .

157 2168 426 2236 vidimus,
455 2174 514 2227 et
539 2186 614 2225 ex
638 2186 708 2225 ea
747 2168 890 2227 urbe
931 2156 1291 2247 triumphari,
1320 2168 1439 2226 sine
1466 2186 1581 2245 qua
1604 2186 1895 2245 nunquam
1920 2166 2098 2226 nostri

157 2260 532 2338 imperatores
558 2276 632 2317 ex
656 2258 1033 2337 Transalpinis
1060 2258 1222 2317 bellis
1241 2258 1681 2337 triumpharunt.
1739 2258 1925 2317 Multa
1950 2276 2095 2337 prae·
2128 2254 2215 2317 10‘
2258 2263 2265 2271 '

160 2356 324 2408 terea
349 2366 850 2407 commemorarem
887 2348 1102 2407 nefaria
1127 2348 1185 2406 in
1211 2348 1411 2430 socios,
1442 2349 1491 2409 si
1514 2349 1625 2407 hoc
1650 2368 1768 2407 uno
1792 2348 2098 2428 quicquam

161 2440 249 2498 201
267 2438 504 2497 vidisset
521 2437 820 2517 indignius.
887 2439 1030 2500 sure
1049 2440 1224 2518 igitur
1243 2423 1563 2517 fflectti‘nm.
1625 2440 1751 2498 Nisi
1776 2440 1927 2499 enim
1951 2440 2097 2499 mul-
2128 2444 2191 2497 11

159 2536 357 2589 torum
381 2528 660 2607 impunita
695 2529 908 2587 scelera
947 2530 1290 2598 tulissemus,
1356 2549 1609 2633 unquam
1634 2530 1711 2589 ad
1736 2550 1915 2599 unum
1941 2537 2103 2589 tanta
2130 2525 2238 2594 ,ἅμ
2258 2556 2283 2575 -1
2314 2558 2326 2569 =

161 2620 516 2700 pervenisset
557 2619 812 2678 licentia:
855 2638 892 2678 a
931 2639 1045 2698 quo
1081 2619 1317 2697 quidem
1342 2609 1425 2678 rei
1449 2612 1735 2679 familiaris
1760 2621 1836 2679 ad
1864 2639 2096 2699 paucos,

163 2710 549 2789 cupiditatum
573 2708 650 2767 ad
675 2709 886 2768 multos
911 2709 1201 2788 improbos
1227 2710 1383 2769 venit
1426 2710 1729 2769 hereditas,
1812 2710 1937 2769 Nec
1964 2728 2101 2769 vero
2129 2714 2201 2767 12

161 2818 420 2879 unquam
446 2800 726 2859 bellorum
753 2800 997 2859 civilium
1023 2819 1217 2859 semen
1245 2807 1305 2859 et
1330 2819 1503 2861 causa
1528 2800 1726 2869 deerit,
1750 2800 1891 2859 dum
1918 2800 2098 2857 homi·

161 2910 267 2950 nes
310 2890 521 2969 perditi
561 2890 787 2948 hastam
824 2890 979 2949 illam
1019 2898 1313 2949 cruentam
1340 2898 1399 2949 et
1438 2890 1793 2948 meminerint
1820 2895 1880 2945 et
1906 2906 2096 2964 spera-

163 2982 328 3040 bunt.
388 2952 852 3087 Qua-iffffsssulla
871 3000 1004 3038 cum
1019 2981 1315 3049 vibrasset,
1334 2980 1615 3039 dictatore
1636 2978 1955 3056 propinquo
1974 2995 2098 3046 suc,

161 3072 320 3130 idem
363 3060 533 3157 ser'tpj
569 3070 852 3165 tricesimo
893 3089 1043 3129 anno
1083 3078 1215 3149 post
1242 3090 1279 3128 a
1302 3068 1657 3129 sceleratiore
1683 3068 1849 3125 hasta
1874 3086 1987 3125 non
2010 3084 2101 3124 re-

164 3160 353 3219 cessit.
418 3160 587 3218 Alter
613 3168 822 3230 autem,
845 3160 942 3239 qui
967 3161 1024 3219 in
1050 3161 1146 3219 illa
1171 3160 1455 3219 dictatura
1482 3158 1665 3217 scriba
1688 3158 1895 3227 fuerat,
1916 3158 1975 3215 in
1993 3158 2103 3217 hac

163 3251 274 3309 fuit
301 3256 573 3329 quaestor
597 3250 865 3310 urbanus.
946 3252 1035 3309 Ex
1070 3269 1185 3329 quo
1225 3249 1399 3309 debet
1436 3248 1690 3329 intelligi,
1720 3247 1929 3308 talibus
1958 3266 2099 3327 prae-
2112 3321 2119 3329 Β
2133 3255 2205 3314 18

161 3340 644 3445 miisssmpositis,
671 3358 964 3418 nunquam
1003 3341 1273 3400 defutura
1310 3340 1463 3399 bella
1490 3339 1687 3399 civilia.
1769 3340 1974 3417 Itaque
2003 3322 2102 3417 pa:
2134 3344 2207 3397 14

163 3430 336 3489 rietes
364 3420 577 3491 'Tihfflo'
591 3430 748 3490 urbis
791 3437 946 3489 stant
983 3438 1044 3491 et
1081 3437 1329 3500 manent,
1356 3431 1507 3508 iique
1544 3430 1653 3510 ipsi
1687 3430 1811 3509 jam
1850 3436 2105 3488 extrema

163 3518 386 3580 scelera
431 3526 787 3579 metuentes:
841 3539 962 3579 rem
1007 3540 1144 3580 vero
1189 3522 1478 3599 publicam
1526 3521 1751 3600 penitus
1798 3518 2103 3578 amisimus.

165 3610 368 3689 Atque
395 3610 456 3668 in
479 3610 588 3669 has
613 3610 808 3669 clades
845 3610 1144 3673 incidimus
1171 3610 1553 3690 (redeundum
1579 3616 1669 3669 est
1694 3609 1844 3669 enim
1869 3608 1945 3666 ad
1972 3626 2103 3685 pro·
2135 3612 2207 3668 15

161 3698 468 3783 positum),
513 3700 656 3759 dum
698 3700 897 3773 metui,
935 3720 1111 3780 quam
1155 3702 1272 3761 cari
1316 3720 1443 3761 esse
1488 3707 1551 3760 et
1588 3699 1747 3778 diligi
1784 3696 2103 3758 maluimus.
