2484 4175
967 283 1144 326 mna
1165 284 1210 328 ι.
1290 283 1425 331 cu.
1454 285 1585 328 xxv.
2188 277 2267 338 Β

221 428 434 488 posse:
473 429 538 470 se
561 411 766 490 fugere
792 411 912 472 sine
938 433 1046 509 sup
1061 413 1355 504 dedecore
1378 434 1493 476 non
1532 435 1719 496 posse.
1798 417 1999 498 Atque
2024 419 2153 481 haec
2185 427 2261 482 10

127 541 134 544 -
221 500 459 577 quidem
502 501 947 562 Lacedaemoniis
990 495 1167 583 plaga
1190 505 1533 574 mediocris:
1574 507 1673 566 illa
1709 507 1995 586 pestifera,
2024 529 2157 589 qua,

12 577 38 675 'r
92 593 101 598 ’
223 609 360 648 cum
388 591 808 662 Cleombrotus,
830 591 1096 653 invidiam
1121 595 1345 664 timens,
1366 603 1581 656 temere
1608 617 1741 658 cum
1765 599 2161 678 Epaminonda

221 681 586 751 conflixisset,
627 683 1186 744 Lacedaemoniorum
1226 703 1367 764 opes
1396 694 1745 748 corruerunt.
1826 689 2057 760 Quanto
2082 691 2155 762 Q.
2187 695 2259 754 11

219 770 510 860 Maanns
535 773 740 832 melius
755 774 785 832 ‘2
817 773 894 833 de
919 764 1036 852 q'uo
1060 775 1308 834 Ennius:
1340 804 1350 818 ·

477 873 644 932 Unus
669 875 828 932 homo
849 875 1006 933 nobis
1028 876 1335 934 cunctando
1360 877 1605 937 restituit
1628 882 1761 940 rem.

457 963 602 1021 Non
614 965 852 1038 ponebat
867 967 1022 1024 ‚enim
1046 985 1295 1024 rumores
1318 975 1447 1026 ante
1470 969 1723 1028 alutem.

459 1051 622 1128 Eryo
635 1063 870 1134 postque
893 1057 1181 1132 mayisqne
1203 1058 1316 1115 viri
1340 1076 1489 1117 nanc
1507 1060 1693 1133 yloria
1718 1059 1925 1120 claret.'

217 1152 395 1222 Quod
435 1171 620 1232 genus
659 1153 933 1234 peccandi
957 1156 1252 1217 vitandum
1294 1164 1385 1216 est
1426 1158 1600 1217 etiam
1624 1159 1683 1217 in
1707 1161 1877 1220 rebus
1904 1161 2151 1224 urbanis.
2182 1169 2257 1225 12

217 1243 372 1301 Sunt
411 1244 578 1313 enim,
607 1245 720 1322 qui,
751 1246 908 1323 quod
951 1247 1217 1316 sentiunt,
1247 1247 1354 1306 etsi
1396 1248 1680 1326 optimum
1721 1249 1813 1320 sit,
1838 1257 2032 1310 tamen
2070 1253 2153 1312 in·

215 1333 387 1392 vidiae
415 1340 576 1392 metu
599 1354 714 1394 non
739 1336 955 1396 audent
981 1337 1186 1397 dicere.

294 1489 470 1547 XXV
472 1535 485 1549 .
494 1421 762 1555 3'O1iuiino
781 1491 880 1570 qui
897 1492 980 1551 rei
1004 1493 1252 1572 publicae
1272 1494 1575 1574 praefuturi
1594 1501 1729 1554 sunt
1752 1495 1871 1556 duo
1895 1497 2153 1560 Platonis

213 1587 518 1658 praecepta
541 1587 812 1640 teneant:
853 1602 1052 1652 unum,
1081 1590 1149 1641 ut
1175 1584 1479 1645 utilitatem
1518 1585 1725 1644 civium
1752 1586 2149 1659 simtueantur,

214 1676 302 1737 ut,
331 1688 694 1750 quaecunque
721 1678 920 1752 agunt,
949 1673 1025 1744 ad
1061 1691 1190 1732 eam
1228 1674 1494 1744 referant,
1522 1675 1683 1734 obliti
1722 1672 2153 1738 commodorum

215 1759 490 1818 suorum:
533 1762 792 1831 alterum,
819 1769 889 1822 ut
928 1770 1116 1822 totum
1157 1782 1367 1843 corpus
1404 1765 1487 1823 rei
1526 1765 1773 1843 publicae
1812 1774 2029 1837 curent,
2056 1786 2149 1837 ne,

214 1849 362 1908 dum
397 1857 622 1928 partem
645 1853 922 1936 aliqiiam
946 1859 1198 1922 tuentur,
1226 1853 1471 1932 reliquas
1512 1852 1793 1915 desei-ant.
1874 1857 1961 1916 Ut
1998 1856 2149 1916 enim
2176 1861 2213 1918 2

213 1939 417 2009 tutela,
449 1941 528 1999 sic
567 1933 890 2026 procuratio
928 1942 1011 2001 rei
1049 1943 1297 2021 publicae
1342 1942 1420 2003 ad
1460 1943 1764 2003 utilitatem
1806 1965 2023 2014 eorum,
2051 1947 2151 2025 qui

213 2030 500 2089 commissi
527 2009 677 2101 sunt,
705 2051 822 2091 non
847 2030 923 2090 ad
949 2051 1163 2103 eorum,
1191 2033 1399 2112 quibus
1440 2033 1743 2093 commissa
1766 2040 1871 2103 est,
1898 2035 2153 2114 gerenda

213 2127 322 2179 est.
360 2137 388 2178 a
408 2122 520 2191 Qui
563 2129 756 2181 autem
797 2123 946 2201 parti
985 2124 1191 2182 civium
1231 2123 1555 2192 consulunt,
1582 2130 1806 2202 partem
1830 2125 2147 2203 negligunt,
2174 2132 2213 2187 3

209 2230 339 2271 rem
365 2212 892 2289 perniciosissimam
910 2213 968 2271 in
989 2214 1277 2272 civitatem
1303 2212 1597 2281 inducunt,
1620 2212 1959 2271 seditionem
1977 2220 2151 2293 atque

213 2301 594 2360 discordiam:
638 2321 710 2361 ex
748 2321 864 2381 quo
903 2303 1110 2371 evenit,
1159 2310 1228 2361 ut
1274 2303 1367 2363 alii
1413 2303 1736 2383 populareS,
1778 2302 1873 2363 alii
1910 2304 2149 2365 studiosi

211 2391 418 2469 optimi
453 2392 730 2470 cujusque
755 2392 1070 2461 videantur,
1097 2393 1269 2470 pauci
1308 2393 1715 2453 universorum.
1796 2393 1947 2453 Hinc
1988 2395 2147 2475 apud
2173 2400 2213 2457 4

209 2481 598 2541 Athenienses
635 2500 862 2561 magnae
879 2482 1232 2541 discordiae:
1292 2483 1353 2541 in
1390 2489 1585 2543 nostra
1637 2502 1701 2542 re
1756 2484 1987 2561 publica
2032 2505 2149 2545 non

209 2571 402 2629 solum
424 2572 743 2641 seditiones,
765 2572 871 2631 sed
898 2572 1070 2631 etiam
1095 2572 1365 2650 pestifera
1389 2569 1541 2632 belia
1562 2574 1773 2633 civilia:
1803 2593 1935 2652 quse
1956 2575 2147 2654 gravis

209 2668 274 2720 et
298 2661 462 2721 fortis
489 2662 624 2721 civis
653 2669 712 2721 et
736 2663 796 2721 in
820 2682 884 2721 re
909 2662 1141 2740 publica
1183 2662 1393 2742 dignus
1420 2663 1741 2743 principatu
1767 2664 1950 2743 fugiet
1974 2670 2148 2743 atque

210 2750 416 2819 oderit,
460 2751 766 2831 tradetque
805 2771 868 2811 se
907 2759 1096 2811 totum
1133 2752 1217 2812 rei
1241 2753 1509 2832 publicae,
1537 2772 1723 2832 neque
1749 2773 1889 2832 opes
1914 2760 2017 2813 aut
2043 2774 2145 2833 po-

208 2842 452 2900 tentiam
478 2838 914 2911 consectabitur,
936 2848 1234 2919 totamque
1254 2861 1383 2901 eam
1401 2843 1483 2901 sic
1502 2844 1772 2911 tuebitur,
1793 2848 1861 2901 ut
1882 2844 2145 2904 omnibus

209 2931 490 2991 consulat.
571 2931 698 2990 Nec
722 2950 860 2990 vero
900 2931 1222 2991 criminibus
1260 2932 1421 2991 falsis
1444 2932 1503 2989 in
1530 2931 1725 2989 odium
1751 2938 1853 2989 aut
1877 2931 2145 2991 invidiam
2172 2942 2209 2993 5

207 3040 561 3099 quemquam
585 3020 842 3082 vocabit:
885 3022 1226 3099 omninoque
1252 3021 1333 3079 ita
1352 3020 1591 3099 justitiae
1620 3020 2015 3098 honestatique
2042 3019 2143 3078 ad-

209 3111 512 3181 haerescet,
539 3117 625 3181 ut,
654 3111 796 3171 dum
835 3130 906 3171 ea
943 3117 1257 3180 conservet,
1285 3110 1545 3188 quamvis
1582 3109 1834 3189 graviter
1872 3110 2143 3182 offendat,

211 3208 570 3279 mortemque
598 3208 838 3281 oppetat
862 3201 1072 3281 potius,
1099 3220 1277 3280 quam
1303 3200 1533 3259 deserat
1558 3200 1671 3270 illa,
1698 3220 1833 3278 quae
1862 3201 1995 3262 dixi.

285 3292 610 3351 ffiserrima
633 3290 860 3351 omnino
885 3299 976 3351 est
1009 3290 1242 3352 ambitio
1282 3291 1678 3369 honorumque
1704 3292 2028 3353 contentio:
2070 3293 2145 3354 de
2173 3298 2209 3353 6

209 3401 326 3461 qna
367 3382 646 3460 praeclare
686 3382 844 3460 apud
891 3382 1138 3441 eundem
1177 3388 1269 3441 est
1306 3380 1625 3451 Platonem,
1666 3380 1919 3441 similiter
1956 3382 2145 3441 facere

209 3490 330 3541 eos,
372 3472 472 3549 qui
517 3471 664 3535 inter
709 3490 772 3531 se
819 3472 1245 3541 contenderent,
1286 3478 1417 3530 uter
1456 3473 1645 3550 potius
1683 3490 1807 3529 rem
1852 3472 2142 3549 publicam

209 3560 650 3633 administraret,
676 3567 746 3621 ut
769 3561 820 3621 si
843 3567 1037 3621 nautae
1079 3567 1381 3635 certarent,
1408 3562 1535 3640 quis
1561 3580 1761 3621 eorum
1784 3560 2143 3639 potissimum

209 3652 580 3731 gubernaret.
