2484 4175
933 336 1106 376 nnn
1131 335 1172 376 1.
1254 335 1389 378 on».
1418 335 1497 376 11.
2160 316 2227 379 1⁸1

181 467 418 526 interitu
456 466 636 524 iratus
679 466 936 544 optarim
990 485 1106 544 quo
1143 465 1469 545 impetrato,
1516 465 1575 524 in
1612 465 1891 525 maximos
1932 465 2127 525 luctus

183 555 398 617 incidit.
480 555 605 615 Nec
648 556 932 658 promissa
970 556 1146 636 igitur
1199 555 1479 614 servanda
1516 562 1653 616 sunt
1692 574 1778 625 ea,
1826 575 1957 634 quae
2014 555 2127 615 sint
2153 565 2189 618 ὅ

181 647 268 714 iis,
297 617 894 730 quibss‘'⁴proxffiiseris,
924 646 1174 704 inutilia:
1217 665 1324 705 nec
1372 645 1419 704 si
1458 646 1591 726 plus
1630 647 1733 705 tibi
1772 665 1841 706 ea
1866 654 2123 716 noceant,

180 755 360 814 quam
385 736 466 794 illi
505 737 737 814 prosint,
769 738 862 795 cui
899 736 1243 819 promiseris,
1274 743 1471 795 contra
1512 737 1759 796 officium
1800 744 1905 806 est,
1934 737 2125 828 mpjus
2206 799 2215 806 ,

181 827 461 906 anteponi
487 827 702 886 minori.
785 827 888 896 Ut,
917 826 966 886 si
988 811 1354 886 'constitueris
1391 826 1639 906 cuipiam
1676 833 1737 886 te
1776 815 2122 886 advocatum
2151 815 2187 886 6

177 917 240 976 in
281 937 406 975 rem
447 925 788 996 praesentem
834 935 960 976 esse
1007 923 1334 986 venturum,
1378 925 1553 996 atque
1600 918 1825 976 interim
1871 919 2123 998 graviter

179 1013 462 1086 oegrotare
506 1007 654 1065 filius
693 1007 950 1086 coeperit,
979 1026 1094 1066 non
1135 1008 1212 1066 sit
1253 1015 1451 1066 contra
1476 1008 1742 1077 officium,
1770 1027 1886 1068 non
1912 1007 2119 1077 facere,

177 1097 341 1175 quod
381 1097 620 1166 dixeris;
661 1097 958 1176 magisque
997 1097 1109 1166 ille,
1153 1097 1247 1156 cui
1290 1098 1631 1177 promissum
1680 1098 1771 1166 sit,
1814 1098 1891 1157 ab
1938 1099 2123 1158 officio

178 1188 459 1256 discedat,
507 1188 556 1246 si
601 1207 664 1247 se
710 1187 1050 1246 destitutum
1102 1195 1395 1266 queratur.
1474 1188 1515 1248 J
1516 1206 1612 1246 am
1664 1187 1773 1246 illis
1828 1188 2121 1266 promissis
2148 1188 2183 1248 '1

177 1277 456 1336 standum
493 1297 608 1338 non
647 1297 790 1346 esse,
819 1277 946 1355 quis
987 1297 1104 1337 non
1138 1278 1313 1347 videt,
1341 1296 1474 1355 qum
1512 1285 1747 1337 coactus
1786 1278 1913 1356 quis
1938 1285 2119 1348 metu,

176 1387 312 1446 quae
374 1367 648 1447 deceptus
701 1367 834 1427 dolo
887 1367 1206 1447 promiserit
1223 1369 1253 1427 ‘2
1362 1369 1506 1438 Qum
1559 1368 1793 1447 quidem
1846 1368 2121 1448 pleraque

18 1464 84 1542 ³5⁴,
105 1521 120 1534 ‚
169 1459 306 1538 jure
333 1458 948 1536 praetorioliberantur,
975 1459 1250 1518 nonnulla
1276 1458 1521 1539 legibus.

200 1609 232 1638 -.
256 1548 526 1630 Existunt
566 1549 738 1608 etiam
780 1569 941 1627 saepe
977 1549 1196 1629 injuriae
1239 1549 1523 1608 calumnia
1561 1549 1811 1628 quadam
1852 1555 1913 1610 et
1952 1548 2117 1608 nimis
2147 1555 2183 1610 8

178 1613 390 1698 callida
412 1639 533 1697 sed
570 1639 852 1700 malitiosa
902 1639 1050 1718 juris
1105 1640 1586 1718 interpretatione.
1668 1641 1759 1700 Ex
1798 1661 1913 1720 quo
1952 1641 2113 1709 illud,

175 1749 468 1788 summum
478 1730 600 1804 jus,
627 1749 850 1788 summa
873 1731 1108 1806 injuria,
1136 1732 1355 1789 factum
1382 1737 1471 1789 est
1492 1731 1616 1810 jam
1642 1731 1841 1790 tritum
1862 1749 2121 1791 sermone

176 1821 564 1900 proverbium.
648 1821 778 1891 Quo
815 1821 875 1879 in
901 1840 1109 1901 genere
1135 1821 1305 1879 etiam
1330 1820 1389 1878 in
1419 1840 1483 1880 re
1510 1821 1740 1900 publica
1765 1821 1949 1880 multa
1976 1840 2107 1900 pec-
2138 1827 2177 1881 9

177 1919 434 1996 cantur-:L
453 1917 521 1970 ut
561 1910 672 1982 ille,
701 1911 816 1988 qui,
845 1931 978 1970 eum
1023 1911 1257 1989 triginta
1290 1911 1513 1970 dierum
1548 1919 1737 1970 essent
1776 1931 1909 1970 cum
1946 1912 2117 1969 hoste

175 1989 416 2060 indutiae
442 1992 637 2070 factae,
657 2008 834 2060 noctu
859 2001 1248 2080 populabatur
1285 2020 1472 2081 agros,
1495 2001 1651 2080 quod
1678 2001 1901 2060 dierum
1925 2007 2121 2059 essent

175 2100 390 2171 paetae,
420 2112 536 2151 non
549 2093 812 2157 ¹noctium
837 2092 1094 2153 indutiae.
1162 2092 1259 2151 Ne
1284 2100 1479 2151 noster
1503 2091 1736 2170 quidem
1762 2091 2110 2171 probandus,
2151 2098 2229 2153 10

176 2183 224 2242 si
249 2202 456 2243 verum
495 2189 599 2250 est,
631 2182 700 2252 Q„
741 2182 984 2242 Fabium
1023 2183 1351 2241 Labeonem
1390 2201 1495 2240 seu
1534 2200 1707 2259 quem
1747 2182 1921 2239 alium
1948 2181 2115 2259 (nihil

175 2274 328 2333 enim
356 2273 546 2332 habeo
585 2278 800 2351 praeter
825 2270 1110 2352 auditum)
1141 2273 1417 2332 arbitrum
1444 2268 1679 2348 Nolanis
1706 2278 1766 2330 et
1791 2271 2127 2350 Neapolita-
2198 2294 2212 2311 ⁴

173 2364 262 2423 nis
289 2364 368 2423 de
407 2363 612 2423 finibus
639 2382 676 2421 a
701 2370 906 2423 senatu
944 2364 1166 2432 datum,
1197 2382 1330 2422 cum
1366 2361 1443 2422 ad
1470 2362 1661 2422 locum
1699 2362 1961 2431 venisset,
1991 2382 2123 2421 cum

173 2453 436 2532 utrisque
463 2454 766 2531 separatim
803 2452 1082 2523 locutum,
1109 2473 1181 2513 ne
1211 2451 1420 2532 cupide
1460 2452 1600 2531 quid
1637 2460 1889 2531 agerent,
1918 2472 1991 2513 ne
2018 2472 2121 2533 ap·
2220 2459 2231 2467 '

175 2550 476 2624 petentem
517 2550 692 2621 atque
716 2550 786 2602 ut
811 2543 1055 2623 regredi,
1079 2562 1255 2623 quam
1276 2543 1545 2622 progredi
1565 2544 1817 2603 mallent.
1887 2542 1962 2602 Id
1990 2560 2119 2602 cum
2152 2547 2223 2603 H

175 2634 406 2712 utrique
469 2632 752 2701 fecissent,
794 2634 1150 2712 aliquantum
1202 2634 1328 2712 agri
1380 2633 1441 2692 in
1478 2634 1671 2693 medio
1708 2634 1971 2693 relictum
2010 2639 2117 2692 est.

177 2725 388 2802 Itaque
425 2723 653 2782 illorum
710 2724 849 2783 fines
901 2725 1002 2792 sic,
1043 2731 1111 2782 ut
1155 2724 1267 2803 ipsi
1326 2723 1604 2792 dixerant,
1645 2724 2001 2792 terminavit;
2062 2723 2121 2781 in

178 2815 370 2874 medio
423 2814 686 2873 relictum
742 2814 901 2892 quod
957 2821 1100 2883 erat,
1149 2814 1369 2893 populo
1430 2814 1691 2873 Romano
1752 2812 2121 2892 adjudicavit.

181 2905 466 2983 Decipere
503 2905 614 2973 hoc
653 2905 888 2983 quidem
927 2910 1032 2973 est,
1061 2924 1176 2964 non
1209 2903 1485 2984 judicare.
1569 2904 1849 2975 Quocirca
1884 2902 1943 2962 in
1970 2902 2125 2961 omni

181 3014 242 3055 re
265 2993 547 3075 fugienda
572 3002 662 3054 est
687 2994 816 3054 talis
843 2976 1110 3079 solle‘itia.
1139 3001 1234 3056 κβ»
1257 2987 1289 3059 ‘2
1308 3030 1319 3059 .-
1340 3016 1400 3057 .κ
1447 3024 1462 3044 2

259 3176 366 3233 XI.
409 3174 562 3233 Sunt
599 3182 794 3234 autem
830 3174 1103 3253 quaedam
1135 3174 1317 3233 officia
1357 3174 1528 3233 etiam
1572 3173 1955 3234 adversus
1992 3162 2365 3241 eos-svs».

187 3265 482 3332 servanda,
518 3284 555 3322 a
592 3266 880 3343 quibus
918 3265 1295 3345 injuriam
1335 3266 1758 3345 acceperis.
1839 3265 1945 3325 Est
1972 3266 2123 3325 enim

186 3355 494 3415 ulciscendi
535 3361 594 3413 et
633 3356 904 3434 puniendi
941 3356 1167 3415 modus,
1278 3355 1478 3435 Atque
1517 3356 1675 3416 haud
1716 3357 1833 3416 scio
1873 3376 1947 3414 an
1986 3358 2125 3420 satis

190 3446 274 3517 sit,
317 3464 474 3515 eum,
516 3446 616 3523 qui
655 3447 977 3520 lacessierit,
1018 3446 1236 3525 injuriae
1278 3466 1399 3505 suae
1438 3448 1750 3525 poenitere3
1790 3454 1859 3505 ut
1898 3454 1958 3505 et
1996 3448 2119 3525 ipse

189 3554 256 3595 ne
295 3537 438 3615 quid
477 3537 594 3597 tale
634 3506 999 3638 postfflffgfet
1037 3537 1212 3596 ceteri
1252 3538 1365 3595 sint
1402 3537 1478 3597 ad
1518 3538 1782 3618 injuriam
1822 3535 2119 3596 tardiores·

189 3626 387 3705 Atque
425 3626 484 3685 in
521 3646 586 3686 re
625 3627 858 3707 publica
895 3627 1144 3687 maxime
1185 3628 1571 3687 conservanda
1610 3634 1745 3685 sunt
1796 3627 1928 3702 jura
1968 3624 2119 3682 belli.
2150 3630 2187 3683 2

190 3714 342 3777 Nam
383 3735 518 3777 cum
555 3716 670 3777 sint
709 3716 828 3777 duo
867 3734 1079 3797 genera
1117 3715 1467 3783 decertandi,
1494 3734 1674 3774 unum
1714 3733 1819 3792 per
1845 3712 2125 3789 discepta-

1153 3802 1232 3863 2*
