2484 4175
223 317 300 374 54
1047 331 1126 372 nn
1167 329 1424 372 omens
1474 342 1481 346 ·

327 467 522 520 autem
565 459 834 538 ipsorum,
882 479 1016 538 quae
1063 459 1305 518 honesta
1358 466 1507 530 sunt,
1557 465 1751 539 potest
1800 460 2050 521 incidere
2098 481 2263 542 saepe

329 550 614 610 contentio
631 557 692 609 et
709 550 1056 629 comparatio
1072 569 1088 619 3
1117 549 1192 608 de
1207 548 1435 609 duobus
1450 551 1701 609 honestis
1721 558 1918 610 utrum
1935 552 2260 611 honestius:

263 648 298 700 3
329 641 428 719 qui
453 640 612 698 locus
639 658 674 697 a
698 639 960 699 Panaetio
987 646 1076 698 est
1101 642 1531 717 praetermissus.
1600 640 1754 700 Nam
1782 643 1913 700 cum
1940 642 2123 710 omnis
2150 643 2260 701 ho-

325 736 518 788 nestas
557 737 751 788 manet
785 749 821 788 a
859 729 1120 808 partibus
1147 737 1437 808 quattuor,
1468 749 1711 809 quarum
1738 751 1853 790 una
1880 732 1957 790 sit
1980 732 2259 812 cognitio-

325 820 430 888 nis,
459 820 638 877 altera
678 819 1112 888 communitatis,
1155 820 1323 878 tertia
1360 821 1850 901 magnanimitatis
1888 829 2093 900 quarta
2131 841 2259 881 mo-

328 909 668 968 derationis:
710 910 804 968 hae
843 909 900 968 in
927 909 1232 990 deligendo
1271 911 1453 970 officio
1480 929 1635 990 saepe
1662 911 1809 970 inter
1834 930 1897 971 se
1924 907 2259 991 comparen-

326 1006 424 1059 tm·
445 1018 678 1059 necesse
707 1006 815 1060 est.

263 1095 300 1148 4
405 1091 606 1149 Placet
657 1090 850 1170 igitur,
897 1089 1119 1169 aptiora
1171 1109 1297 1149 esse
1350 1096 1573 1150 naturae
1624 1109 1694 1150 ea
1746 1089 1943 1160 officia,
1992 1109 2125 1170 quae
2180 1111 2261 1150 ex

261 1190 298 1242 5
327 1181 746 1251 communitate,
774 1199 948 1260 quam
985 1200 1071 1249 ea,
1100 1200 1232 1259 quae
1272 1200 1344 1240 ex
1380 1177 1696 1260 cognitione
1722 1181 2038 1240 ducantur:
2078 1181 2261 1260 idque

326 1272 435 1330 hoc
463 1278 803 1351 argumento
831 1271 1151 1330 confirmari
1190 1278 1400 1351 potest,
1430 1271 1603 1350 quod,
1632 1271 1681 1329 si
1716 1272 2015 1350 contigerit
2040 1290 2110 1329 ea
2136 1271 2261 1330 vita

326 1361 583 1440 sapienti,
625 1369 692 1420 ut
732 1362 792 1420 in
829 1361 1082 1420 omnium
1127 1380 1321 1420 rerum
1358 1361 1719 1420 affluentibus
1760 1361 1952 1439 copiis,
1994 1361 2261 1440 quamvis

327 1452 528 1518 omnia,
557 1469 690 1529 quae
733 1450 1052 1528 cognitione
1093 1450 1268 1530 digna
1306 1452 1435 1520 sint,
1476 1470 1700 1510 summo
1740 1451 1857 1510 otio
1896 1469 2091 1510 secum
2128 1451 2259 1528 ipse

327 1540 642 1600 consideret
681 1545 740 1596 et
781 1539 1228 1617 contempletur:
1268 1547 1478 1609 tamen,
1511 1541 1560 1599 si
1598 1541 1847 1600 solitudo
1883 1547 2043 1600 tanta
2068 1541 2157 1610 sit,
2186 1547 2261 1600 ut

261 1636 296 1689 6
325 1629 610 1687 hominem
655 1627 849 1686 videre
895 1648 1010 1686 non
1053 1629 1251 1706 possit,
1296 1630 1538 1688 excedat
1576 1649 1609 1688 e
1648 1631 1782 1689 vita.
1862 1631 2259 1708 Princepsque

324 1717 574 1777 omnium
618 1716 892 1776 virtutum
929 1717 1026 1776 illa
1065 1718 1357 1796 sapientia,
1398 1739 1571 1798 quam
1600 1721 1783 1797 σοφίαν
1817 1721 2017 1780 Graeci·
2044 1728 2259 1780 vocant

321 1807 764 1886 —prudentiam
804 1808 970 1878 enim,
1012 1828 1186 1887 quam
1229 1810 1415 1870 Graeci
1458 1810 1713 1890 φξὸυησιν,
1762 1811 1927 1869 aliam
1966 1811 2259 1889 quandam

321 1898 704 1977 intelligimus„
734 1917 866 1976 quae
903 1905 996 1958 est
1030 1917 1223 1958 rerum
1250 1901 1700 1979 expetendarum
1738 1901 2257 1980 fugiendarumque

259 1988 293 2049 ¹7
322 1989 588 2058 scientia3
636 1988 732 2049 illa
770 1995 966 2048 autem
1007 1989 1303 2068 sapientia,
1346 2009 1519 2068 quam
1559 1990 1871 2068 principem
1900 1991 2032 2060 dixi,
2061 2009 2258 2049 rerum

323 2088 412 2139 est
437 2080 752 2141 divinarum
779 2089 839 2140 et
866 2082 1243 2140 humanarum
1270 2080 1517 2150 scientia,
1545 2080 1604 2139 in
1630 2100 1744 2160 qua
1770 2071 2095 2140 continetur‘
2114 2080 2255 2140 deo-

324 2191 454 2229 rum
480 2178 540 2230 et
564 2168 860 2231 hominum
885 2171 1275 2239 communitaS,
1305 2178 1366 2228 et
1390 2172 1631 2231 societas
1656 2172 1803 2230 inter
1828 2172 2003 2249 ipsos,
2087 2170 2176 2228 Ea
2204 2171 2257 2229 si

321 2261 566 2319 maxima
604 2268 712 2330 est,
740 2267 808 2319 ut
845 2267 952 2328 est,
981 2267 1135 2319 certe
1173 2280 1403 2321 necesse
1444 2268 1549 2329 est,
1580 2274 1661 2338 qu
1772 2280 1809 2319 a
1846 2260 2257 2362 qpmffiugimte

190 2392 212 2399 -
259 2358 294 2410 8
323 2350 570 2408 ducatur
603 2350 868 2419 officium,
899 2350 960 2410 id
999 2369 1124 2410 esse
1164 2351 1489 2425 maximum.
1518 2352 1647 2410 *Et
1680 2351 1797 2409 nim
1832 2327 2091 2431 cognitio,
2118 2370 2255 2445 cffi-

324 2439 732 2517 templatioque
771 2446 992 2499 naturae
1033 2410 1515 2519 fflcffquodam
1554 2442 1731 2501 modo
1772 2448 1946 2519 atque
1984 2418 2257 2500 inclii‘iata

323 2528 413 2597 sit,
444 2528 492 2586 si
517 2528 850 2617 nullalactio
875 2548 1066 2587 rerum
1093 2537 1486 2609 consequatur.
1555 2531 1643 2589 Ea
1668 2539 1859 2590 autem
1886 2532 2037 2591 actio
2062 2531 2121 2590 in
2146 2532 2254 2589 ho-

322 2618 540 2676 minum
567 2591 876 2678 cdffiiziodis
901 2618 1128 2678 tuendis
1153 2621 1399 2679 maxime
1438 2620 1699 2680 cernitur.
1782 2621 2039 2704 Pertinet
2076 2621 2257 2701 igitur

259 2714 294 2767 9
322 2708 398 2766 ad
439 2707 766 2768 societatem
804 2710 1026 2789 generis
1064 2710 1315 2769 humani.
1394 2710 1551 2789 Ergo
1590 2711 1723 2770 haec
1759 2712 2066 2790 cognitioni
2092 2718 2255 2771 ante-

323 2798 587 2876 ponenda
611 2806 716 2859 est.
796 2800 998 2879 Atque
1035 2799 1096 2858 id
1135 2800 1387 2877 optimus
1412 2800 1651 2879 quisque
1677 2820 1739 2859 re
1766 2801 1891 2879 ipsa
1917 2800 2165 2860 ostendit
2192 2808 2258 2860 et

222 2894 296 2949 10
318 2888 555 2967 judicat.
638 2890 779 2960 Quis
805 2890 957 2949 enim
991 2896 1081 2949 est
1118 2896 1238 2949 tam
1266 2890 1508 2968 cupidus
1534 2891 1592 2949 in
1618 2890 2011 2969 perspicienda
2036 2910 2253 2970 cogno—

322 2981 644 3060 scendaque
681 3000 874 3040 rerum
910 2985 1134 3050 natura,
1159 2986 1246 3049 ut,
1276 2979 1324 3039 si
1349 2979 1402 3039 ei
1426 2980 1695 3057 tractanti
1732 2981 2257 3061 contemplantique

322 3089 412 3129 res
435 3048 756 3150 ‘dognitione
778 3071 1133 3151 dignissimas
1153 3070 1343 3129 subito
1362 3056 1703 3129 sit‘alldtiim'
1716 3064 2037 3151 ’periculum
2056 3056 2254 3131 discri-

323 3178 570 3236 menque
609 3162 830 3237 patriae,
873 3162 968 3221 cui
1006 3161 1303 3220 subvenire
1350 3160 1727 3241 opitularique
1766 3162 1964 3241 possit,
2005 3181 2121 3221 non
2158 3163 2257 3221 illa

325 3248 514 3305 omnia
537 3249 818 3327 relinquat
844 3258 1018 3328 atque
1037 3249 1287 3329 abjiciat,
1310 3250 1481 3309 etiam
1508 3250 1557 3309 si
1582 3250 1942 3311 dinumerare
1968 3272 2030 3311 se
2058 3253 2257 3311 stellas

323 3344 424 3395 aut
444 3338 626 3396 metiri
643 3338 844 3397 mundi
862 3340 1315 3417 magnitudinem
1336 3360 1505 3420 posse
1524 3341 1830 3400 arbitretur
1846 3343 1873 3400 ‘2
1920 3342 2122 3419 Atque
2142 3344 2257 3401 hoc

223 3430 293 3487 11
322 3425 476 3485 idem
517 3427 576 3485 in
621 3428 888 3506 parentiS,
919 3428 978 3485 in
1021 3428 1186 3487 amici
1225 3450 1287 3488 re
1315 3436 1417 3490 aut
1453 3430 1706 3509 periculo
1732 3431 1946 3491 fecerit.
2031 3432 2259 3502 Quibus

322 3518 494 3576 rebus
547 3517 893 3597 intelligitur,
943 3516 1144 3575 studiis
1199 3519 1505 3597 officiisque
1558 3520 1809 3580 scientiae
1862 3521 2262 3600 praeponenda

323 3626 450 3667 esse
491 3608 673 3667 officia
710 3607 966 3686 justitiae,
999 3626 1134 3686 quae
1181 3608 1471 3688 pertinent
1496 3610 1574 3669 ad
1611 3610 1909 3673 hominum
1934 3601 2263 3684 caritatem.

323 3716 440 3775 qua
465 3697 604 3756 nihil
629 3697 842 3757 homini
867 3716 992 3755 esse
1019 3696 1194 3756 debet
1219 3698 1520 3777 antiquina.
