2484 4175
913 299 1088 340 mna
1112 300 1176 342 11.
1260 299 1393 342 off.
1424 301 1566 344 xvn.
1995 342 1999 350 ,
2182 283 2259 347 ἵβ

105 458 114 470 ·
221 431 500 492 cultatem
527 429 777 488 fructum
804 427 1126 508 divitiarum
1153 436 1337 508 putat.
1421 430 1565 490 Mihi
1590 436 1785 490 autem
1810 430 1905 490 ille
1931 431 2154 492 fructus
2182 442 2219 496 5

219 521 588 589 liberalitatis,
621 520 786 598 cujus
826 539 1011 598 pauca
1051 519 1315 598 exempla
1354 521 1537 598 posui,
1565 521 1747 580 multo
1774 528 1835 580 et
1869 523 2055 600 major
2074 524 2153 582 vi-

219 612 394 670 detur
419 618 482 669 et
517 609 737 670 certior.
823 610 1050 678 Quanto
1078 608 1277 668 Aristo
1306 610 1459 668 Ceus
1498 611 1729 689 gravius
1757 619 1817 670 et
1843 612 2031 670 verius
2059 633 2162 672 nos
2184 619 2220 672 6

220 701 607 780 reprehendit,
637 699 736 778 qui
777 699 882 757 has
922 699 1293 777 pecuniarum
1328 700 1627 758 effusiones
1653 719 1769 758 non
1794 701 2153 770 admiremur,

221 811 358 869 quae
387 792 530 848 fiunt
567 789 644 848 ad
682 788 1108 848 multitudinem
1137 788 1515 848 deliniendam
1539 807 1553 848 ε
1595 796 1657 848 at
1680 789 1737 858 ii,
1764 790 1863 868 qui
1888 791 1965 850 ab
1991 791 2220 871 hostegl

221 880 575 948 obsidentur,
610 879 658 938 si
701 897 890 938 emere
929 897 1097 956 aquae
1136 878 1445 936 sextarium
1484 879 1637 962 Qa
1664 887 2019 959 cogerentur,
2048 869 2179 940 hoff!
2204 893 2264 956 [ᾗ

221 971 412 1048 primo
451 969 655 1028 auditu
692 967 1016 1027 incredibile
1052 967 1218 1026 nobis
1243 967 1437 1036 videri,
1468 987 1777 1047 omnesque
1802 969 2007 1039 mirari,
2037 970 2158 1040 sed,
2304 959 2318 970 ⁸

223 1080 360 1118 cum
401 1058 762 1127 attenderint,
789 1057 1010 1118 veniam
1049 1056 1372 1117 necessitati
1397 1057 1571 1127 ἀει-ος
1610 1057 1670 1116 in
1704 1057 1794 1118 his
1820 1059 2157 1120 immanibus
2186 1067 2225 1121 8

217 1149 462 1229 jacturis
487 1147 824 1226 infinitisque
851 1147 1175 1226 sumptibus
1201 1146 1339 1206 nihil
1366 1166 1470 1206 nos
1494 1165 1706 1226 magno
1734 1167 1907 1226 opere
1933 1149 2157 1218 mirari:

221 1259 360 1300 cum
404 1237 726 1317 praesertim
765 1255 950 1315 neque
997 1237 1323 1296 necessitati
1362 1237 1746 1306 subveniatur,
1778 1257 1885 1296 nec
1913 1237 2158 1318 dignitas

222 1335 525 1408 augeatur,
566 1328 804 1406 ipsaque
850 1327 948 1386 illa
988 1327 1295 1387 delectatio
1340 1327 1715 1386 multitudinis
1755 1327 1829 1386 sit
1866 1327 1941 1385 ad
1987 1328 2161 1388 breve

223 1420 610 1498 exiguumque
650 1424 898 1496 tempuS,
927 1435 1110 1495 eaque
1153 1435 1190 1474 a
1227 1416 1511 1476 levissimo
1550 1435 1809 1496 quoque:
1850 1417 1909 1476 in
1932 1438 2049 1496 quo
2074 1425 2160 1478 ta·

223 1529 360 1568 men
397 1509 524 1586 ipso
563 1526 679 1565 una
718 1527 850 1566 cum
889 1508 1169 1575 satietate,
1198 1506 1471 1566 memoria
1498 1525 1727 1586 quoque
1762 1508 2037 1568 moriatur
2061 1527 2158 1568 vo-

221 1599 542 1684 luptatis*
564 1599 721 1656 Bene
762 1597 932 1656 etiam
971 1597 1204 1676 colligit,
1240 1597 1369 1656 hoec
1408 1597 1597 1675 pueris
1632 1604 1694 1656 et
1728 1597 2071 1658 mulierculis
2099 1606 2160 1659 et
2188 1605 2225 1660 9

223 1689 408 1748 servis
448 1694 508 1746 et
547 1707 840 1747 servorum
879 1686 1172 1746 simillimis
1211 1686 1401 1746 liberis
1434 1705 1559 1746 esse
1594 1695 1797 1766 grata;
1837 1689 1999 1767 gravi
2024 1707 2161 1748 vero

221 1778 459 1848 homini,
487 1786 548 1837 et
585 1797 672 1847 ea,
711 1797 842 1856 quoe
881 1777 1042 1846 fiunt,
1080 1775 1299 1856 judicio
1338 1783 1495 1836 certo
1535 1777 1889 1856 ponderanti,
1932 1778 2159 1856 probari

222 1889 396 1948 posse
435 1869 594 1928 nullo
631 1868 822 1926 modo.
905 1868 1269 1945 Quamquam
1309 1866 1583 1945 intellige,
1611 1867 1669 1924 in
1712 1873 1906 1924 nostra
1932 1867 2159 1926 civitate
2191 1873 2265 1927 lo

221 1958 712 2040 inveterassqjam
739 1957 903 2017 bonis
981 1957 1301 2035 'mporibus,
1330 1961 1399 2016 ut
1425 1955 1697 2035 splendor
1723 1953 2059 2016 aeflflitatum
2084 1958 2161 2016 ab

223 2050 454 2130 optimis
479 2048 610 2107 viris
650 2015 938 2127 postulet*
972 2094 985 2107 .
1071 2048 1278 2127 Itaque
1310 2053 1370 2105 et
1400 2046 1468 2107 P.
1502 2046 1761 2115 Crassus,
1788 2065 1923 2105 cum
1951 2065 2158 2127 cogno-
2191 2053 2260 2107 11

221 2142 376 2201 mine
423 2139 602 2207 dives,
642 2145 770 2197 tum
811 2137 1005 2217 copiiS,
1048 2138 1281 2197 functus
1322 2143 1411 2195 est
1458 2134 1699 2195 aedilicio
1737 2136 1987 2195 maximo
2030 2156 2157 2197 mu-

222 2250 380 2299 nere,
407 2237 470 2289 et
507 2228 682 2307 paulo
723 2235 856 2307 post
894 2228 960 2286 L.
993 2228 1236 2287 Crassus
1264 2246 1397 2288 cum
1424 2225 1677 2287 omnium
1713 2225 2009 2313 hominum
2036 2246 2159 2323 1¹¹2·

223 2319 597 2388 santissimo,
643 2319 712 2387 Q.
753 2318 962 2387 Mucio,
1002 2316 1559 2396 magnificentissima
1606 2314 1875 2375 aedilitate
1929 2300 2161 2375 fufidius

223 2419 351 2471 est:
393 2407 602 2469 deinde
648 2408 716 2468 Ο.
759 2407 1054 2475 Claudius,
1082 2406 1267 2485 Appii
1300 2406 1483 2465 filius:
1540 2405 1707 2465 multi
1745 2412 1896 2485 post,
1923 2406 2167 2555 Iffipulli,

225 2498 585 2594 Hossnsius,
615 2496 859 2558 Silanus.
915 2497 1130 2555 Omnes
1155 2503 1351 2555 autem
1378 2496 1445 2556 P.
1470 2496 1767 2565 Lentulus,
1786 2515 1880 2555 me
1908 2516 1939 2555 c
1977 2496 2156 2566 nsule,
2191 2502 2265 2555 12

224 2591 357 2651 vicit
384 2587 724 2667 superiores
791 2586 1361 2689 HlanflStQSQfl'm'us
1387 2586 1658 2649 imitatus.
1726 2584 2161 2665 Magnificentis-

223 2681 370 2739 sima
394 2698 534 2739 vero
559 2678 736 2735 nostri
761 2673 1020 2755 Pompeii
1045 2668 1283 2735 miinera
1310 2675 1563 2735 secundo
1589 2676 1920 2735 consulatus
1960 2676 2019 2735 in
2036 2676 2161 2754 qui-

223 2771 336 2831 bus
355 2768 622 2828 omnibus
641 2767 779 2845 quid
799 2767 936 2827 mibi
963 2766 1206 2845 placeat,
1229 2766 1405 2826 vides,
1473 2765 1669 2823 XVII.
1698 2764 1951 2824 Vitanda
1970 2772 2165 2824 tamen

223 2860 476 2939 suspicio
501 2866 590 2917 est
617 2857 880 2917 avaritiae.
963 2857 1278 2931 Mamerco,
1310 2856 1523 2914 homini
1550 2854 1897 2923 divitissimo,
1928 2862 2160 2933 praeter-

221 2950 418 3011 missio
462 2949 746 3009 aedilitatis
787 2946 1118 3007 consulatus
1155 2939 1450 3026 respulsam
1488 2945 1700 3003 attulit.
1784 2944 1973 3013 Quare
2002 2950 2079 3012 et,
2109 2944 2157 3003 si
2187 2950 2223 3003 2

225 3040 554 3121 postulatur
581 3059 616 3098 a
641 3039 874 3118 populo,
905 3038 1068 3097 bonis
1096 3038 1226 3096 viris
1266 3037 1455 3095 sinon
1483 3034 1953 3101 desiderantibuS,
1986 3038 2049 3090 at
2078 3040 2161 3135 *33‘
2242 3108 2247 3118 Ι
2290 3099 2338 3121 γ

223 3150 358 3189 men
379 3130 852 3209 approbantibus,
870 3127 1195 3187 faciendum
1215 3133 1321 3195 est,
1338 3125 1511 3184 modo
1533 3143 1639 3203 pro
1658 3123 2043 3192 facultatibuS,
2061 3120 2186 3183 tios‘
2204 3116 2249 3165 Τ

147 3243 152 3245 ·
223 3220 334 3299 ipsi
371 3227 442 3279 ut
480 3220 718 3279 fecimus
740 3238 756 3288 ;
797 3226 874 3287 et,
903 3218 952 3276 si
977 3218 1208 3297 quando
1235 3217 1425 3295 aliqua
1450 3234 1541 3273 res
1568 3214 1753 3292 major
1778 3220 1837 3272 at
1877 3233 1950 3274 ue
1967 3214 2166 3295 utilior

225 3310 493 3389 populari
537 3310 830 3388 largitione
869 3309 1216 3386 acquiritur;
1270 3314 1337 3366 ut
1377 3304 1568 3364 Oresti
1606 3324 1791 3384 nuper
1830 3290 2069 3383 prandia
2108 3304 2166 3362 in

225 3399 442 3465 semitis
471 3400 728 3458 decumae
755 3398 978 3457 nomine
1003 3417 1215 3477 magno
1242 3396 1445 3455 honori
1483 3396 1730 3456 fuerunt.
1812 3395 1905 3453 Ne
1932 3394 2011 3454 M.
2042 3394 2163 3473 qui-
2194 3400 2227 3451 3
2325 3422 2337 3445 ι
2398 3468 2405 3475 β

226 3489 362 3548 dem
410 3489 544 3547 Seio
584 3488 720 3547 vitio
760 3488 962 3547 datum
1001 3494 1107 3556 est,
1147 3486 1307 3565 quod
1354 3487 1413 3547 in
1452 3487 1687 3545 caritate
1735 3502 1861 3562 Q
1909 3484 2163 3541 modium
2201 3480 2231 3541 ἓ
2254 3514 2304 3541 κ..
2324 3524 2338 3539 .
2412 3490 2435 3519 -f

78 3644 92 3665 A
209 3578 446 3684 =populo
474 3577 651 3637 dedit.
711 3578 928 3656 Magna
955 3576 1104 3636 enim
1131 3596 1192 3635 se
1219 3582 1281 3635 et
1305 3577 1618 3635 inveterata
1644 3574 1852 3633 invidia
1876 3591 1982 3629 nec
2008 3570 2166 3649 turpi
2216 3623 2224 3631 .

71 3673 123 3693 ‘⁹
159 3658 208 3677 'b
222 3674 470 3753 jactura,
497 3667 730 3747 quando
758 3673 882 3727 erat
912 3666 1107 3735 aedilis,
1135 3685 1242 3725 nec
1268 3665 1514 3725 maxima
1545 3661 1819 3723 liberavit.
1902 3660 2021 3731 Sed
2058 3659 2161 3739 hoff
2191 3664 2229 3720 4

2059 3950 2109 3991 d
