2484 4175
823 284 995 327 mna
1033 285 1099 327 11.
1182 284 1318 327 oar.
1360 277 1465 329 1112
2083 276 2160 331 69

104 412 389 473 institutio
416 414 558 475 vitae
600 412 935 493 adjumenta
971 415 1270 475 hominum
1309 415 1612 487 desiderat,
1651 417 1711 477 in
1749 418 2057 498 primisque

106 511 169 562 ut
207 505 453 573 habeat,
484 504 826 583 quibuscum
864 506 1044 584 possit
1083 506 1383 567 familiares
1431 508 1685 567 conferre
1731 528 2053 569 sermones:

84 594 261 700 ’ἔπαθες
289 602 388 655 est
416 594 663 663 difficile,
692 594 801 653 nisi
838 595 1087 674 speciem
1126 616 1250 673 prae
1275 604 1334 655 te
1360 598 1496 657 boni
1521 598 1624 659 viri
1648 599 1813 658 feras,
1827 590 1882 689 2444
1895 601 2055 679 Ergo
2084 606 2119 660 6

86 676 277 744 'etiam
304 685 566 744 solitario
593 684 805 743 homini
830 693 1001 763 atque
1026 686 1085 744 in
1112 704 1253 765 agro
1279 688 1456 747 vitam
1493 690 1690 769 agenti
1727 690 1916 769 opinio
1959 691 2052 769 ju·

110 775 275 835 stitiae
320 776 648 834 necessaria
694 781 813 833 est:
857 794 1039 853 eoque
1078 778 1253 835 etiam
1291 779 1490 857 magis,
1521 780 1928 873 quodoeamffii.
1941 800 2056 840 non

109 865 430 935 habebunt,
475 864 671 942 injusti
709 865 1089 935 habebuntur,
1131 868 1302 927 nulus
1341 870 1614 945 praesidiis
1655 850 1823 964 septi}
1862 872 2056 956 mutis

109 956 430 1015 afficientur
456 955 690 1032 injuriis.
752 954 949 1033 Atque
976 956 1042 1013 iis
1062 956 1250 1027 etiam,
1274 958 1374 1035 qui
1392 959 1662 1029 vendunt,
1687 968 1900 1030 emunt,
1925 955 2054 1019 cbn-
2085 959 2119 1019 '1

110 1048 350 1115 ducunt,
380 1046 594 1115 locant,
622 1047 1131 1125 contrahendisque
1158 1048 1400 1127 negotiis
1435 1050 1812 1127 implicantur,
1837 1051 2058 1129 justitia

106 1137 179 1195 ad
204 1157 337 1197 rem
366 1136 685 1217 gerendam
709 1137 1027 1195 necessaria
1052 1144 1157 1197 est.
1242 1138 1426 1217 Cujus
1453 1147 1618 1199 tanta
1643 1140 1730 1199 vis
1755 1148 1862 1208 est,
1891 1147 1961 1200 ut
1985 1158 2058 1199 ne
2085 1146 2120 1199 8

108 1227 181 1285 illi
221 1227 487 1306 quidem,
514 1226 614 1305 qui
650 1226 927 1286 maleficio
966 1233 1025 1287 et
1064 1228 1278 1287 scelere
1318 1236 1650 1308 pascuntur,
1679 1229 1898 1308 possint
1939 1230 2060 1289 sine

108 1318 225 1376 ulla
251 1316 546 1397 particula
566 1317 806 1397 justitiae
834 1316 1040 1378 vivere.
1122 1317 1277 1376 Nam
1302 1319 1404 1396 qui
1429 1338 1628 1378 eorum
1669 1319 1932 1397 cuipiam,
1961 1320 2060 1399 qni
2085 1326 2122 1380 9

112 1427 223 1466 una
256 1408 693 1476 latrocinantur,
721 1408 943 1493 furatur
982 1408 1197 1486 aliquid
1235 1415 1338 1467 aut
1377 1409 1559 1487 eripit,
1587 1410 1638 1469 is
1663 1410 1770 1469 sibi
1795 1428 1866 1469 ne
1889 1410 1950 1469 in
1975 1410 2056 1469 la·-

112 1499 349 1557 trocinio
378 1498 611 1577 quidem
636 1497 898 1575 relinquit
922 1496 1133 1557 locum.
1212 1499 1324 1557 Ille
1350 1508 1564 1569 autem,
1591 1500 1690 1578 qui
1715 1501 2058 1581 archipirata

114 1588 341 1658 dicitur,
370 1588 481 1647 nisi
506 1588 865 1667 aequabiliter
903 1588 1165 1667 praedam
1204 1588 1520 1667 dispertiat,
1549 1596 1654 1649 aut
1691 1591 2060 1651 interficiatur

114 1697 149 1736 a
164 1678 355 1748 sociis,
370 1686 474 1739 aut
490 1679 855 1757 relinquatur.
895 1677 1045 1749 Quin
1060 1676 1232 1737 etiam
1246 1678 1406 1759 leges
1419 1680 1706 1743 latronum
1719 1700 1844 1743 esse
1859 1682 2058 1743 dicun-
2089 1685 2163 1740 10

116 1776 226 1839 tur,
252 1770 470 1849 quibus
498 1774 751 1848 pareant,
780 1788 927 1847 quas
954 1770 1275 1830 observent.
1360 1770 1565 1851 Itaque
1603 1780 1841 1853 propter
1867 1792 2056 1853 aequa-
2089 1778 2159 1831 11

114 1860 291 1919 bilem
334 1860 557 1939 praedae
584 1860 944 1938 partitionem
968 1866 1031 1919 et
1056 1859 1594 2008 Bfflkffi*‡¹¹ffl“
1632 1863 1798 1932 latro,
1827 1863 1902 1921 de
1941 1882 2060 1941 quo

114 1958 203 2009 est
247 1950 411 2031 apud
456 1949 909 2027 Theopompum,
937 1968 1176 2028 magnas
1254 1946 1360 2029 p'es'
1385 1947 1614 2021 habuit,
1645 1960 1706 2011 et
1730 1951 1913 2012 multo
1939 1970 2057 2009 ma-

110 2041 266 2120 jores
294 2040 597 2100 Viriathus
622 2040 945 2109 Lusitanus,
976 2039 1069 2100 cui
1109 2040 1346 2144 quidem]
1413 2041 1550 2140 tiam
1577 2041 1856 2102 exercitus
1881 2040 2062 2100 nostri

114 2133 607 2212 imperatoresque
654 2138 983 2190 cesserunt:
1025 2151 1197 2211 quem
1238 2132 1305 2192 O.
1399 2133 1575 2200 aelius,
1605 2132 1670 2200 is,
1699 2132 1798 2210 qui
1837 2131 2062 2209 sapiens

116 2229 453 2301 usurpatur,
484 2227 697 2301 praetor
734 2221 907 2300 fregit
944 2227 1005 2280 et
1046 2223 1391 2292 comminuit,
1431 2211 1896 2300 ferocitatemque
1937 2221 2062 2301 ejus

116 2312 199 2371 ita
224 2311 514 2391 repressit,
544 2318 613 2370 ut
637 2311 801 2371 facile
830 2312 1047 2372 bellum
1072 2312 1302 2391 reliquis
1343 2313 1614 2372 traderet.
1697 2313 1848 2372 Cum
1887 2311 2064 2391 igitur
2094 2317 2166 2372 12

120 2409 285 2460 tanta
311 2403 397 2462 vis
419 2401 659 2480 justitiae
684 2402 775 2472 sit,
804 2409 872 2462 ut
898 2421 967 2462 ea
994 2403 1169 2460 etiam
1194 2403 1482 2462 latronum
1509 2421 1649 2481 opes
1675 2403 1862 2462 firmet
1889 2409 2063 2480 atque

118 2500 357 2571 augeat,
384 2499 661 2570 quantam
689 2492 813 2570 ejus
839 2493 954 2552 vim
978 2493 1128 2552 inter
1166 2492 1326 2572 leges
1353 2499 1416 2552 et
1447 2493 1662 2572 judicia
1687 2500 1748 2552 et
1773 2494 1832 2552 in
1858 2493 2062 2554 consti-

119 2589 251 2640 tuta
275 2601 342 2640 re
368 2582 599 2660 publica
623 2582 745 2641 fore
772 2589 1043 2661 putamus
1060 2583 1089 2640 ‘2
1156 2583 1298 2642 XII.
1340 2583 1482 2640 Mihi
1509 2583 1740 2662 quidem
1765 2603 1879 2642 non
1905 2583 2065 2662 apud

120 2673 333 2731 Medos
356 2672 562 2740 solum,
590 2679 656 2730 ut
681 2673 761 2730 ait
788 2672 1141 2741 Herodotus,
1170 2672 1276 2731 sed
1303 2673 1476 2730 etiam
1505 2671 1666 2752 apud
1693 2675 1938 2752 majores
1964 2693 2065 2732 no-

120 2769 293 2831 stros,
316 2761 557 2840 justitiae
594 2762 851 2822 fruendae
896 2781 1071 2822 causa
1092 2761 1362 2824 videntur
1399 2763 1534 2821 olim
1575 2765 1722 2823 bene
1746 2763 1954 2822 morati
1978 2782 2066 2822 re-

120 2873 225 2931 ges
254 2851 565 2911 constituti.
634 2852 793 2910 Nam
818 2871 952 2911 cum
978 2859 1336 2932 premeretur
1359 2852 1514 2912 initio
1541 2853 1850 2941 multitudo
1877 2852 1952 2910 ab
1980 2853 2064 2920 iis,
2096 2859 2131 2911 2

122 2943 219 3021 qui
244 2943 497 3022 majores
522 2961 663 3020 opes
689 2943 1015 3002 habebant:
1059 2942 1137 3001 ad
1162 2963 1341 3002 unum
1367 2943 1616 3020 aliquem
1643 2941 2064 3019 confugiebant,

120 3034 341 3135 virtgte
424 3039 794 3125 rffstantem;
834 3033 935 3110 qui
979 3053 1113 3092 cum
1153 3033 1482 3112 prohiberet
1521 3031 1726 3110 injuria
1765 3030 2065 3101 tenuiores,

123 3053 828 3201 aequst'stgyeonstituenda
868 3142 1119 3182 summos
1148 3143 1282 3182 cum
1306 3123 1510 3182 infimis
1538 3121 1662 3201 pari
1695 3122 1828 3201 jure
1865 3123 2069 3183 retine-

124 3214 245 3272 bat.
328 3211 665 3290 Eademque
692 3213 1217 3274 constituendarum
1242 3214 1442 3292 legum
1467 3214 1578 3272 fuit
1605 3233 1794 3284 causa,
1824 3233 1956 3293 quae
1982 3234 2069 3275 re·
2100 3221 2134 3274 3

124 3323 287 3382 gum.
350 3302 390 3362 J
392 3323 461 3362 us
490 3302 643 3362 enim
669 3323 896 3383 semper
922 3311 1011 3362 est
1036 3304 1344 3382 quaesitum
1372 3304 1682 3381 aequabile:
1711 3323 1896 3384 neque
1923 3307 2073 3364 enim

124 3393 292 3452 aliter
330 3401 485 3452 esset
526 3393 639 3472 jus.
724 3394 797 3453 Id
824 3395 871 3454 si
896 3396 973 3455 ab
1006 3413 1121 3452 uno
1156 3394 1318 3472 justo
1343 3400 1404 3454 et
1424 3395 1580 3455 bono
1607 3395 1726 3454 viro
1767 3414 2072 3472 conseque-
2101 3399 2138 3452 4

124 3484 357 3552 bantur,
388 3491 553 3542 erant
578 3502 649 3542 eo
674 3485 940 3544 contenti.
1026 3485 1179 3542 Cum
1204 3483 1266 3549 id
1289 3484 1478 3542 minus
1513 3486 1885 3565 contingeret,
1915 3484 2074 3560 leges

128 3581 266 3632 aunt
292 3574 557 3642 inventae,
587 3593 720 3652 quae
758 3594 893 3634 cum
932 3573 1193 3632 omnibus
1232 3593 1461 3653 semper
1498 3593 1614 3633 una
1657 3583 1832 3652 atque
1873 3572 2075 3630 eadem

132 3683 277 3724 voce
300 3663 690 3746 loquerentur.
770 3665 931 3744 Ergo
955 3665 1065 3724 hoc
1085 3663 1320 3743 quidem
1346 3665 1712 3743 perspicuum
1737 3669 1844 3731 est,
1872 3679 1972 3720 eos
1997 3658 2075 3718 ad
2103 3667 2138 3720 5
