2484 4175
243 273 324 332 ⁴2
1059 287 1138 328 nn
1177 287 1437 330 omens

279 423 318 480 9
345 425 480 489 tem,
505 437 683 498 quam
719 417 818 478 illa
858 415 1082 498 perpeti
1120 417 1431 478 maluisset.
1514 415 1661 489 Quoe
1698 415 2155 496 contemplantes
2178 397 2287 478 ex:

344 507 591 589 pendere
617 508 920 587 oportebit,
941 506 1082 586 quid
1107 507 1351 586 quisque
1377 507 1591 568 habeat
1616 508 1735 568 sui:
1766 527 1947 586 eaque
1973 507 2285 577 moderari,

341 617 446 658 nee
467 597 610 658 velle
635 598 892 678 experiri,
914 617 1088 676 quam
1111 615 1174 656 se
1201 597 1385 657 aliena
1412 597 1669 668 deceant.
1751 598 1826 657 Id
1852 598 2005 657 enim
2032 597 2283 656 maxime

241 694 314 749 10
342 707 624 767 quemque
665 686 849 756 decet,
878 687 1034 766 quod
1075 694 1164 746 est
1206 687 1486 766 cujusque
1529 687 1775 746 maxime
1820 707 2006 747 suum.
2089 686 2283 747 Suum

339 778 579 856 quisque
618 777 792 858 igitur
829 784 1032 836 noscat
1067 769 1375 856 ingenium,
1405 794 1707 854 aeremque
1734 795 1796 836 se
1822 783 1883 836 et
1908 777 2188 836 bonorum
2218 784 2283 836 et

339 867 604 926 vitiorum
649 885 882 926 suorum
922 866 1177 944 judicem
1222 865 1501 944 praebeat,
1540 885 1613 925 ne
1658 866 1867 926 scenici
1911 867 2060 945 plus,
2102 885 2281 945 quam

238 963 309 1018 11
339 976 460 1026 nos,
501 956 801 1018 videantur
840 955 1056 1016 habere
1098 954 1441 1035 prudentiae.
1521 955 1616 1014 Illi
1658 955 1807 1015 enim
1849 975 1964 1015 non
2004 957 2279 1035 optimae,

337 1046 443 1108 sed
468 1045 574 1121 sibi
599 1045 1214 1106 aoeommodatissimas
1252 1044 1479 1104 fabulas
1516 1045 1749 1125 eligunt.
1832 1046 1945 1118 Qui
1969 1065 2111 1106 voce
2142 1045 2281 1108 freti

337 1143 489 1208 sunt,
537 1136 832 1216 Epigonos
879 1136 1263 1216 Medumque:
1306 1134 1405 1214 qui
1450 1142 1639 1215 gestu,
1688 1135 2093 1216 Melanippum,
2134 1136 2279 1214 Cly·

337 1234 754 1290 taemnestram:
795 1245 1024 1305 semper
1067 1225 1349 1306 Rupilius,
1399 1244 1573 1304 quem
1620 1243 1746 1306 ego,
1777 1226 2027 1310 memini,
2066 1225 2277 1286 Antio·

237 1324 310 1378 22
339 1335 511 1397 pnm3
551 1336 664 1376 non
690 1336 846 1397 soepe
873 1318 1134 1396 AEsopus
1160 1316 1423 1395 Ajacem.
1502 1315 1661 1396 Ergo
1695 1316 1894 1376 histrio
1919 1317 2030 1376 hoe
2056 1315 2281 1376 videbit

336 1409 396 1468 in
421 1425 607 1475 scena,
635 1425 752 1466 non
778 1406 994 1469 videbit
1020 1406 1243 1484 sapiens
1264 1404 1351 1464 vir
1375 1404 1435 1464 in
1459 1405 1577 1464 vita
1592 1406 1620 1464 ‘2
1677 1405 1780 1466 Ad
1810 1425 1953 1485 quas
1980 1406 2155 1486 igitur
2180 1425 2280 1466 res

338 1495 614 1576 aptissimi
652 1497 877 1565 erimus,
905 1495 965 1555 in
1003 1495 1070 1556 iis
1111 1494 1469 1574 potissimum
1512 1495 1943 1556 elaborabimus.
2026 1496 2130 1554 Sin
2173 1497 2277 1556 ali-

337 1587 568 1666 quando
609 1585 915 1645 necessitas
954 1604 1060 1643 nos
1098 1584 1176 1643 ad
1215 1603 1285 1644 ea
1323 1583 1647 1655 detruserit,
1674 1604 1809 1664 quae
1846 1586 2025 1646 nostri
2064 1585 2280 1666 ingenii

335 1696 450 1736 non
475 1683 661 1746 erunt,
687 1675 870 1734 omnis
907 1673 1234 1735 adhibenda
1276 1673 1383 1732 erit
1421 1693 1575 1743 eura,
1616 1675 1925 1745 meditatiO,
1962 1675 2277 1755 diligentia,

335 1773 404 1826 ut
429 1786 514 1836 ea,
543 1767 592 1826 si
616 1785 730 1825 non
769 1764 993 1835 decore,
1021 1771 1084 1824 at
1119 1783 1299 1846 quam
1336 1763 1565 1824 minime
1606 1765 1870 1825 indecore
1912 1766 2101 1825 faeere
2141 1787 2276 1846 pos-

236 1864 308 1918 13
338 1857 531 1917 simus.
611 1855 738 1916 Neo
778 1862 900 1916 tam
939 1863 1030 1916 est
1068 1855 1415 1924 enitendum,
1443 1861 1513 1914 ut
1551 1855 1719 1926 bona,
1760 1875 1889 1934 quoe
1926 1857 2093 1917 nobis
2136 1857 2281 1918 data

335 1967 452 2008 non
475 1947 608 2018 sint,
635 1965 959 2028 sequamur,
987 1965 1164 2026 quam
1188 1953 1259 2006 ut
1282 1944 1421 2006 vitia
1444 1943 1753 2024 fugiamus

414 2130 663 2191 XXXII.
691 2129 786 2190 Ae
805 2128 1032 2189 duabus
1050 2127 1140 2187 his
1167 2126 1441 2207 personis,
1462 2144 1607 2204 quas
1628 2145 1803 2205 supra
1823 2126 1956 2197 dixi,
1978 2128 2151 2189 tertia
2170 2128 2277 2187 ad-

329 2220 612 2300 jungitur,
629 2238 803 2300 quam
823 2238 988 2277 casus
1005 2218 1177 2295 aliqui
1196 2224 1299 2275 aut
1318 2224 1551 2294 tempus
1564 2216 1836 2295 imponit:
1866 2226 2071 2296 quarta
2082 2219 2279 2289 etiam,

272 2317 308 2371 2
337 2329 514 2389 quam
551 2310 835 2369 nobismet
873 2307 983 2387 ipsi
1023 2307 1240 2385 judicio
1278 2311 1477 2365 nostro
1518 2308 2035 2368 accommodamus.
2118 2309 2281 2369 Nam

336 2417 531 2478 regna,
579 2396 836 2476 imperia,
885 2396 1227 2463 nobilitateS,
1274 2396 1537 2467 honores,
1583 2397 1817 2467 divitiae,
1866 2417 2025 2478 opeS,
2072 2417 2275 2477 eaque,

331 2507 468 2567 quae
510 2494 645 2546 sunt
682 2481 772 2543 his
811 2485 1106 2554 contraria,
1133 2485 1192 2543 in
1227 2503 1369 2545 easu
1402 2482 1527 2556 sita,
1555 2487 1907 2565 temporibus
1946 2488 2278 2568 gubernan-

271 2586 307 2639 3
335 2586 447 2638 tur.
516 2575 640 2654 Ipsi
662 2580 858 2633 autem
885 2592 1084 2655 gerere
1103 2593 1279 2654 quam
1305 2595 1346 2654 p
1363 2594 1396 2635 e
1413 2595 1536 2635 rso
1551 2596 1591 2635 n
1606 2595 1719 2637 am
1744 2577 2001 2648 velimus,
2024 2596 2059 2637 a
2077 2586 2281 2639 nostra

333 2668 627 2728 voluntate
669 2662 1058 2745 proficiscitur.
1139 2666 1349 2743 Itaque
1376 2686 1438 2726 se
1474 2666 1569 2729 alii
1602 2668 1677 2727 ad
1712 2668 2151 2748 philosophiam,
2182 2670 2279 2730 alii

138 2826 143 2835 ,
336 2759 411 2818 ad
433 2757 531 2837 jus
557 2755 736 2826 civile,
763 2754 858 2814 alii
883 2754 958 2813 ad
985 2754 1367 2833 eloquentiam
1400 2757 1730 2837 applicant;
1769 2757 2137 2839 ipsarumque
2162 2761 2277 2821 vir-

271 2852 308 2907 4
336 2855 530 2909 tutum
569 2846 630 2906 in
669 2845 782 2906 alia
813 2845 958 2905 alius
995 2845 1216 2905 mavult
1255 2847 1549 2909 excellere.
1630 2849 1890 2921 Quorum
1916 2868 2053 2908 vero
2076 2857 2279 2929 patres

336 2946 438 2999 aut
463 2938 707 3019 majores
733 2936 924 3015 aliqua
941 2936 1141 3016 'gloria
1175 2937 1583 3016 praestiterunt,
1610 2938 1649 2997 ii
1674 2938 1909 2999 student
1934 2938 2277 3020 plerumque

337 3031 541 3091 eodem
579 3029 639 3089 in
683 3047 894 3110 genere
932 3027 1116 3088 laudis
1155 3028 1465 3089 excellere:
1516 3035 1583 3089 ut
1623 3029 1692 3103 Q.
1718 3027 1974 3113 ,Mucium
2008 3030 2075 3090 P.
2099 3031 2187 3101 F„
2217 3032 2279 3092 in

275 3130 311 3183 5
333 3120 464 3199 jure
503 3119 684 3189 civili;
735 3118 924 3179 Paulli
969 3118 1116 3179 filius
1153 3117 1463 3181 Africanus
1501 3121 1561 3181 in
1598 3140 1661 3179 re
1701 3119 1943 3181 militari.
2024 3120 2277 3191 Quidam

338 3216 532 3268 autem
552 3208 628 3267 ad
653 3228 752 3267 eas
778 3208 996 3278 laudes,
1017 3228 1162 3287 quas
1188 3227 1226 3267 a
1252 3211 1510 3287 patribus
1536 3217 1900 3289 aeceperunt,
1921 3209 2144 3271 addunt
2170 3213 2303 3294 ali3

339 3317 512 3376 quam
533 3315 730 3355 suam:
771 3304 839 3356 ut
864 3298 957 3357 hie
981 3298 1136 3357 idem
1153 3299 1463 3361 Africanus
1483 3300 1804 3383 eloquentia
1823 3300 2133 3361 cumulavit
2150 3302 2275 3363 bel-

339 3386 505 3447 licam
543 3386 800 3466 gloriam,
840 3386 998 3465 quod
1039 3387 1196 3448 idem
1236 3390 1373 3449 feeit
1414 3391 1763 3459 Timotheus,
1812 3390 2061 3451 Cononis
2104 3392 2275 3463 filius,

339 3477 455 3555 qui,
495 3496 630 3537 eum
667 3476 803 3536 belli
847 3476 1020 3536 laude
1063 3496 1180 3536 non
1221 3478 1452 3539 inferior
1496 3480 1717 3550 fuisset,
1756 3499 1934 3559 quam
1972 3488 2155 3559 pater,
2196 3482 2277 3542 ad

275 3572 314 3625 6
340 3584 469 3625 eam
492 3566 726 3625 laudem
752 3565 1026 3625 doetrinae
1051 3571 1112 3623 et
1137 3566 1349 3643 ingenii
1378 3568 1623 3645 gloriam
1648 3568 1877 3649 adjecit.
1958 3571 2054 3631 Fit
2076 3578 2279 3633 autem

341 3654 630 3715 interdum
681 3660 750 3715 ut
801 3653 1072 3723 nonnulli,
1125 3655 1339 3715 omissa
1388 3656 1699 3718 imitatione
1752 3659 2055 3739 majorum,
2102 3680 2279 3723 suum
