2484 4175
217 331 296 387 56
733 344 810 384 nn
839 343 1096 386 omens
1120 343 1295 384 ιιιιιιιι
1320 343 1361 384 ι.
1442 342 1575 386 ost.
1605 344 1736 386 nv.

327 473 478 534 cium
521 473 696 533 studii
731 479 1053 551 quaereret3
1093 480 1220 532 tum
1258 471 1483 542 docere,
1512 480 1639 532 tum
1667 472 1885 534 discere
1909 474 2103 544 vellet,
2131 481 2265 534 tum

219 570 292 624 12
323 565 537 633 audire,
567 571 692 624 tum
719 563 922 623 dicere.
1007 564 1164 644 Ergo
1191 583 1360 622 omne
1400 564 1665 632 officium,
1694 564 1851 642 quod
1878 564 1958 623 ad
1986 565 2113 643 conj
2122 585 2263 624 unc-

321 655 533 714 tionem
573 655 868 715 hominum
906 661 968 713 et
1005 654 1082 712 ad
1125 655 1455 728 societatem
1494 654 1768 714 tuendam
1806 656 1975 723 valet,
2020 663 2263 733 antepo-

319 744 573 804 nendum
598 751 688 804 est
712 745 794 804 illi
819 744 1018 814 officio,
1038 735 1543 824 quod'cognitione
1570 751 1630 804 et
1656 745 1889 804 scientia
1916 745 2263 806 continetur.

397 1015 578 1075 XLV.
609 1015 765 1075 Illud
789 1015 1028 1076 forsitan
1047 1015 1422 1096 quaerendum
1440 1015 1533 1085 sit,
1550 961 1719 1074 riisun
1713 1016 1838 1074 hoec
1860 1014 2263 1083 communitae,

317 1124 460 1186 quae
495 1106 740 1166 maxime
787 1113 878 1166 est
915 1113 1076 1204 apta
1092 1113 1331 1196 naturae,
1373 1107 1448 1165 sit
1486 1106 1663 1164 etiam
1710 1105 2087 1166 moderationi
2134 1125 2263 1164 mo-

253 1201 290 1254 2
319 1195 636 1275 destiaeque
678 1215 906 1275 semper
946 1170 1363 1275 anteponenda.
1445 1195 1581 1254 Non
1624 1195 1883 1283 placet.
1916 1195 2065 1257 Sunt
2106 1196 2265 1254 enim

317 1287 588 1364 quaedam
635 1287 844 1366 partim
889 1287 971 1346 ita
1015 1286 1196 1356 foeda,
1246 1286 1459 1365 partim
1502 1286 1583 1344 ita
1628 1274 1928 1365 flagitiosa,
1971 1293 2041 1344 ut
2076 1305 2147 1344 ea
2188 1307 2265 1346 ne

317 1378 722 1436 conservandae
745 1376 980 1454 quidem
1007 1377 1206 1454 patriae
1250 1395 1424 1436 causa
1463 1376 1688 1455 sapiens
1714 1377 1971 1435 facturus
1998 1375 2088 1436 sit.
2170 1378 2265 1436 Ea

316 1465 656 1525 Posidonius
703 1467 934 1546 colleg-it
979 1467 1284 1544 permulta,
1334 1466 1438 1525 sed
1486 1467 1569 1526 ita
1614 1449 1815 1526 teeti-'a
1842 1467 2129 1544 quaedam,
2178 1467 2266 1526 ita

251 1561 288 1616 3
317 1557 606 1625 obscoena,
629 1563 698 1614 ιιι
718 1556 878 1616 dictu
897 1575 1126 1634 quoque
1146 1556 1451 1616 videantur
1476 1558 1683 1636 turpia.
1764 1557 1915 1618 Haec
1943 1557 2119 1636 igitur
2142 1577 2266 1618 non

317 1645 587 1723 suscipiet
627 1646 709 1704 rei
753 1646 1000 1724 publicoe
1043 1665 1255 1716 causa;
1294 1667 1369 1706 ne
1407 1667 1500 1706 res
1541 1647 1774 1725 publica
1800 1647 2033 1725 quidem
2060 1667 2167 1726 pro
2198 1669 2265 1708 se

252 1739 289 1793 4
317 1735 527 1814 suscipi
553 1736 724 1796 volet.
809 1736 930 1795 Sed
956 1737 1088 1796 haec
1129 1736 1484 1797 commodius
1512 1757 1575 1796 se
1602 1757 1695 1796 res
1722 1737 1919 1807 habet,
1950 1739 2104 1817 quod
2143 1758 2265 1798 non

317 1831 510 1903 potest
535 1825 794 1885 accidere
821 1833 1070 1906 tempus,
1097 1834 1168 1886 ut
1193 1828 1416 1888 intersit
1441 1828 1523 1887 rei
1562 1828 1829 1906 publicae,
1857 1828 2165 1906 quicquam
2196 1830 2265 1888 il-

251 1925 288 1976 5
329 1917 514 1976 lorum
541 1917 730 1978 facere
757 1918 1132 1997 sapientem&
1175 1919 1367 1988 Quare
1392 1919 1502 1978 hoc
1530 1918 1763 1997 quidem
1790 1918 2057 1977 effectum
2082 1919 2173 1988 sit,
2204 1920 2268 1980 in

316 2007 510 2066 officiis
538 2007 852 2089 deligendis
879 2008 939 2068 id
966 2002 1150 2090 genus
1192 2007 1504 2067 officiorum
1544 2009 1839 2077 excellere,
1869 2009 2025 2088 quod
2064 2016 2265 2068 tenea-

251 2102 287 2158 6
315 2104 410 2159 tur
435 2099 729 2159 hominum
757 2101 1046 2161 societate.
1109 2100 1341 2159 Etenim
1368 2100 1750 2179 cognitionem
1780 2100 2267 2178 prudentiamque

315 2190 572 2268 sequitur
591 2191 950 2251 considerata
970 2190 1138 2250 actio·
1203 2190 1300 2249 Ita
1319 2190 1403 2260 fit,
1425 2196 1493 2248 ιιι
1511 2208 1683 2269 agere
1704 2189 2059 2249 considerate
2078 2190 2269 2269 pluris

251 2277 286 2339 ’1
316 2279 412 2349 sit,
433 2299 607 2358 quam
635 2281 890 2361 cogitare
920 2280 1249 2358 prudenter.
1318 2280 1519 2358 Atque
1546 2281 1671 2339 haec
1698 2280 1933 2358 quidem
1960 2280 2263 2341 hactenus.

314 2369 649 2429 Patefactus
689 2377 779 2428 est
818 2370 968 2427 enim
1005 2369 1166 2429 locus
1206 2370 1348 2449 ipse,
1377 2378 1445 2429 ut
1470 2389 1587 2429 non
1624 2370 1699 2429 sit
1726 2370 1953 2430 difficile
1978 2370 2038 2430 in
2062 2372 2264 2449 exqui-

252 2464 288 2517 8
314 2458 496 2516 rendo
543 2458 742 2527 offici0,
791 2458 931 2537 quid
978 2460 1181 2539 cuique
1235 2460 1311 2519 sit
1372 2460 1845 2540 praeponendum,
1893 2460 2107 2521 videre.
2186 2462 2267 2521 In

313 2547 440 2625 ipsa
466 2554 662 2607 autem
689 2549 1095 2609 communitate
1123 2557 1259 2609 sunt
1296 2550 1513 2629 gradus
1542 2551 1888 2611 officiorum:
1932 2571 2005 2611 ex
2030 2551 2263 2630 quibus,

315 2637 456 2716 quid
482 2636 686 2715 cuique
713 2646 968 2716 praestet‚
995 2639 1236 2719 intelligi
1262 2642 1476 2719 possit:
1515 2649 1584 2700 ut
1608 2641 1793 2720 prima
1820 2641 1927 2701 diis
1966 2641 2263 2701 immorta-
2294 2672 2315 2681 -

316 2727 484 2796 libus,
513 2728 764 2787 secunda
805 2729 1026 2807 patriae,
1067 2731 1237 2789 tertia
1278 2732 1631 2810 parentibus,
1660 2730 1927 2811 deinceps
1968 2732 2263 2811 gradatim

252 2823 289 2876 9
314 2817 543 2896 reliquis
572 2818 906 2879 debeantur.
992 2821 1215 2890 Quibus
1242 2840 1316 2879 ex
1341 2822 1515 2881 rebus
1542 2822 1789 2881 breviter
1827 2822 2135 2901 disputatis
2174 2822 2263 2881 in-

316 2909 497 2989 telligi
524 2916 735 2989 potest,
767 2930 880 2971 non
919 2910 1108 2969 solum
1145 2910 1206 2969 id
1247 2912 1504 2971 homines
1548 2912 1727 2971 solere
1772 2912 2055 2981 dubitare,
2082 2914 2261 2971 hone-

317 3007 562 3070 stumne,
589 3020 664 3059 an
689 3008 859 3081 turpe
885 3000 991 3060 sit:
1035 3001 1139 3059 sed
1179 3001 1370 3071 etiam,
1400 3002 1631 3061 duobus
1657 3003 1961 3081 propositis
1986 3003 2263 3073 honestis,

220 3094 290 3149 10
318 3097 512 3151 utrum
554 3092 866 3151 honestius.
949 3091 1060 3151 Hic
1104 3091 1267 3151 locus
1306 3112 1343 3151 a
1382 3092 1639 3151 Panaetio
1666 3100 1772 3162 est,
1800 3100 1867 3152 ut
1904 3112 2081 3173 supra
2124 3093 2259 3163 dixi,

320 3181 764 3261 praetermissus.
847 3182 1014 3242 Sed
991 3202 1117 3262 Jam
1143 3182 1219 3242 ad
1248 3182 1467 3263 reliqua
1494 3202 1828 3264 pergamus.

1908 3332 1949 3371 Q
