2484 4175
275 286 388 343 114
1101 302 1180 343 na·
1209 302 1469 345 orrrcns

375 430 560 492 XXV.
602 430 698 491 Ac
721 451 796 492 ne
823 431 922 491 illa
945 431 1178 511 quidem
1216 430 1495 511 promissa
1530 429 1815 491 servanda
1852 437 2003 499 sunt,
2034 450 2175 511 qum
2198 450 2322 493 mn

313 528 349 581 2
376 529 512 581 sunt
535 522 602 581 iis
630 522 766 601 ipsis
808 522 982 591 utilia,
1012 522 1218 601 quibus
1258 522 1357 581 illa
1396 522 1739 601 promiseris.
1820 521 1923 581 Sol
1962 522 2324 583 Phaethonti

377 610 506 680 filio,
536 619 604 671 ut
629 612 928 671 redeamus
955 612 1031 671 ad
1047 612 1290 681 fabulas,
1313 613 1601 671 facturum
1628 630 1692 671 se
1718 630 1845 670 esse
1862 611 2022 680 dixit,
2039 614 2323 691 quicquid

375 708 650 778 optasset.
733 702 990 781 Optavit,
1017 708 1084 761 ut
1109 703 1168 761 in
1193 722 1425 763 currum
1454 702 1631 781 patris
1657 702 1965 761 tolleretur.
2036 702 2327 763 Sublatus

377 798 482 851 est.
563 792 764 870 Atque
789 792 838 851 is
863 800 1172 871 antequam
1207 792 1478 861 constitit,
1508 793 1631 851 ictu
1666 792 1915 851 fulminis
1953 792 2323 871 deflagravit.

311 888 348 941 3
378 882 606 952 Quanto
631 882 832 941 melius
857 883 1064 951 fuerat,
1091 883 1150 941 in
1175 883 1286 942 hoc
1314 882 1657 961 promissum
1684 883 1863 961 patris
1890 901 2005 941 non
2030 901 2157 941 esse
2196 901 2325 941 ser-

377 971 612 1031 vatum!
693 972 861 1043 Quid,
889 973 1046 1052 quod
1073 973 1329 1033 Theseus
1354 972 1549 1052 exegit
1573 973 1911 1052 promissum
1938 991 1973 1031 a
1993 972 2275 1051 Neptuno
2292 974 2324 1031 ἱ)

377 1062 488 1121 Oui
515 1082 647 1121 cum
671 1069 790 1123 tres
817 1064 1138 1142 optationes
1155 1063 1465 1143 Neptunus
1492 1063 1763 1132 dedisset,
1782 1062 2003 1141 optavit
2026 1061 2331 1122 interitum

377 1152 683 1232 Hippolyti
707 1154 822 1225 filii,
851 1174 986 1214 cum
1011 1155 1058 1215 is
1087 1154 1236 1233 patri
1262 1161 1567 1233 suspectus
1595 1160 1748 1213 esset
1776 1153 1851 1212 de
1876 1172 2155 1213 noverca:
2198 1172 2329 1232 quo

310 1248 350 1303 4
377 1250 577 1322 optato
601 1244 924 1323 impetrato,
954 1245 1208 1305 Theseus
1237 1245 1297 1303 in
1322 1245 1579 1304 maximis
1618 1243 1729 1303 fuit
1766 1243 2032 1304 luctibus.
2112 1244 2275 1314 Quid
2296 1250 2329 1308 *ἒ

377 1336 782 1414 Agamemnon
805 1354 940 1395 cum
977 1335 1302 1395 devovisset
1328 1335 1553 1405 Dianae,
1582 1334 1739 1414 quod
1764 1334 1823 1393 in
1848 1353 1955 1393 suo
1980 1352 2161 1413 regno
2186 1334 2331 1412 pul-

379 1424 724 1485 cherrimum
747 1432 948 1485 natum
975 1432 1128 1485 esset
1153 1426 1253 1487 illo
1278 1444 1445 1495 anne,
1468 1425 1781 1485 immolavit
1807 1424 2180 1504 Iphigeniam,
2200 1443 2335 1503 qua

376 1515 516 1575 nihil
541 1522 666 1575 erat
689 1534 760 1575 eo
785 1516 1018 1593 quidem
1043 1536 1194 1577 anno
1217 1524 1419 1577 natum
1441 1517 1751 1596 pulchrius.
1832 1515 2186 1575 Promissum
2210 1534 2329 1594 po-

377 1605 492 1665 tius
517 1624 634 1664 non
657 1605 1001 1676 faciendum,
1029 1627 1204 1685 quam
1228 1614 1351 1666 tam
1376 1614 1611 1665 taetrum
1635 1606 1859 1665 facinus
1898 1604 2332 1665 admittendum

314 1702 351 1757 δ
379 1693 506 1755 fuit.
585 1696 744 1775 Ergo
785 1702 848 1755 et
895 1698 1178 1775 promissa
1215 1716 1333 1757 non
1374 1697 1635 1757 facienda
1671 1715 2092 1775 nonnunquam,
2132 1713 2333 1773 neque

314 1790 351 1845 6
379 1804 606 1865 semper
631 1785 896 1866 deposita
931 1787 1246 1847 reddenda.
1328 1786 1393 1847 si
1432 1786 1691 1866 gladium
1724 1786 1853 1864 quis
1890 1785 2050 1864 apud
2076 1792 2139 1844 te
2177 1804 2331 1843 sana

379 1882 571 1935 mente
597 1876 946 1955 deposuerit,
975 1885 1201 1958 repetat
1239 1877 1559 1946 insaniens;
1598 1876 1842 1936 reddere
1881 1882 2185 1956 peccatum
2228 1876 2331 1945 sit,
2460 1900 2462 1915 ³

317 1965 351 2026 ’1
381 1966 631 2026 officium
671 1986 788 2026 non
828 1967 1086 2027 reddere.
1168 1966 1339 2038 Quid,
1370 1967 1419 2025 si
1462 1967 1529 2035 is,
1570 1967 1671 2046 qui
1709 1965 1877 2045 apud·
1908 1973 1968 2024 te
2016 1966 2333 2045 pecuniam

379 2056 726 2138 deposuerit,
749 2059 964 2118 bellum
979 2058 1183 2118 inferat
1210 2057 1433 2138 patriae,
1452 2056 1735 2117 reddasne
1750 2051 2079 2136 depositum
2096 2056 2126 2116 2>
2166 2055 2332 2127 Non,

383 2148 572 2208 credo.
654 2149 854 2208 Facias
897 2149 1050 2208 enim
1092 2155 1291 2208 contra
1328 2167 1452 2206 rem
1490 2148 1797 2227 publicam,
1823 2166 1957 2225 quoe
1980 2146 2159 2206 debet
2194 2165 2335 2208 esse

317 2246 354 2300 8
383 2239 686 2299 carissima.
767 2239 864 2298 Sic
909 2239 1110 2308 multa,
1152 2257 1285 2316 quae
1325 2239 1569 2298 honesta
1614 2244 1821 2296 natura
1866 2236 2131 2296 videntur
2174 2256 2333 2306 esse,

381 2329 738 2408 temporibus
764 2329 911 2387 fiunt
934 2346 1050 2387 non
1089 2328 1348 2389 honesta.
1431 2330 1645 2388 Facere
1685 2327 1979 2406 promissa,
2008 2333 2162 2386 stare
2188 2347 2333 2388 con·

383 2418 584 2487 ventis,
611 2416 854 2476 reddere
893 2417 1174 2496 deposita,
1203 2424 1557 2478 commutata
1592 2418 1853 2487 utilitate,
1881 2419 2027 2478 fiunt
2064 2437 2181 2476 non
2218 2419 2333 2478 ho-

319 2513 354 2568 9
382 2514 561 2568 nesta.
641 2506 736 2565 Ac
763 2507 838 2566 de
862 2507 928 2566 iis
953 2508 1204 2586 quidem,
1223 2528 1359 2588 quoe
1376 2508 1647 2568 videntur
1672 2527 1797 2568 aese
1824 2507 2099 2568 utilitates
2124 2514 2335 2570 contra

377 2597 659 2677 justitiam
684 2597 1039 2658 simulatione
1066 2599 1410 2678 prudentiae,
1436 2597 1575 2658 satis
1600 2599 1844 2658 arbitror
1870 2597 2105 2658 dictum.

283 2783 358 2838 10
465 2777 586 2838 Sed
613 2777 880 2855 quoniam
917 2797 954 2837 a
993 2785 1268 2858 quattuor
1304 2779 1557 2838 fontibus
1602 2777 1915 2838 honestatis
1956 2778 2138 2857 primo
2176 2778 2332 2840 libro

384 2867 567 2928 officia
592 2868 875 2939 duximus,
902 2869 962 2928 in
987 2869 1202 2930 eisdem
1219 2888 1529 2939 versemur,
1552 2889 1685 2928 cum
1710 2869 2061 2937 docebimus,
2082 2887 2169 2936 ea,
2190 2888 2331 2947 qum
2456 2887 2458 2946 ξ

384 2959 684 3020 videantur
709 2977 834 3020 esse
873 2960 1052 3030 utilia,
1081 2979 1267 3038 neque
1306 2959 1436 3029 sint,
1464 2978 1640 3037 quam
1680 2960 1793 3018 sint
1818 2958 2041 3020 virtutis
2079 2958 2324 3018 inimica.

282 3055 354 3109 11
383 3050 478 3110 Ac
506 3050 580 3110 de
609 3051 911 3130 prudentia
935 3051 1184 3129 quidem,
1213 3069 1389 3129 quam
1408 3051 1533 3110 vult
1558 3051 1764 3110 imitari
1780 3050 2030 3119 malitia;
2068 3049 2327 3128 itemque

283 3146 358 3201 12
387 3139 462 3199 de
483 3140 721 3218 justitia,
744 3160 874 3221 quae
899 3160 1126 3221 semper
1151 3148 1242 3200 est
1266 3140 1438 3210 utilis,
1468 3141 1829 3219 disputatum
1866 3147 1973 3200 est.
2060 3140 2329 3218 Reliqua!

385 3237 520 3287 sunt
546 3229 680 3288 duae
706 3238 902 3308 partes
929 3230 1265 3300 honestatis,
1293 3251 1538 3310 quarum
1562 3232 1743 3291 altera
1766 3232 1827 3291 in
1850 3231 2023 3290 animi
2040 3231 2323 3290 excellen-

385 3318 460 3378 tis
487 3320 877 3397 magnitudine
917 3327 978 3380 et
1017 3323 1347 3400 praestantia
1386 3321 1648 3391 cernitur,
1691 3322 1870 3382 altera
1908 3322 1968 3380 in
2006 3320 2325 3381 conforma·

386 3409 540 3468 tione
565 3416 626 3467 et
651 3410 1037 3470 moderatione
1065 3412 1425 3472 continentiae
1444 3419 1504 3472 et
1528 3411 1936 3492 temperantiae.

468 3589 689 3649 XXVI.
731 3589 890 3650 Utile
919 3590 1220 3650 videbatur
1246 3592 1375 3652 Uli
1391 3612 1429 3651 x
1443 3592 1463 3651 i
1506 3590 1597 3672 (ut
1622 3593 1859 3670 quidem
1898 3597 2091 3672 poetae
2119 3591 2327 3672 tragici

387 3678 793 3760 prodiderunt:
833 3698 968 3740 nam
993 3681 1151 3760 apud
1179 3683 1516 3752 Homerum,
1544 3683 1828 3762 optimum
1853 3689 2168 3754 auctorem,
2194 3682 2327 3744 talis
