2484 4175
1112 332 1497 377 consuerun-

530 462 655 523 Sed
698 462 945 525 dubitari
987 482 1392 543 nonnunquam
1431 469 1492 523 et
1536 458 1761 542 peccari
1797 464 2036 541 propter
2071 458 2324 540 afficient

608 542 770 601 falsae
816 543 1089 613 utilitatis,
1116 543 1173 603 in
1199 543 1396 622 primis
1436 542 1494 601 in
1529 540 1817 599 amicitiis:
1861 558 1985 617 cap.
2019 545 2112 600 10.
2192 539 2324 599 Neo

609 640 647 679 a
670 622 897 702 privatis
924 622 1127 693 solum,
1147 622 1252 681 sed
1277 623 1450 681 etiam
1473 620 1534 680 in
1556 620 1730 680 rebus
1755 618 2027 699 publicis:
2071 638 2196 699 cap.
2224 624 2323 677 11.

434 776 500 859 2)
527 779 619 839 De
656 780 923 917 pffouliari
962 779 1318 839 contentione
1341 778 1617 849 utilitatis,
1643 796 1775 856 quae
1809 777 2117 853 prudentia
2141 775 2325 837 videri

608 878 679 917 ve
700 858 745 918 't
1967 912 1972 915 .

529 936 606 997 A.
636 957 768 996 eum
792 938 1034 996 Justitia
1059 955 1095 995 a
1120 955 1247 1016 cap.
1280 943 1562 1014 12—eap.
1597 941 1689 1005 15,
1717 933 1754 1016 ἓ
1784 940 1840 997 9.

608 1014 669 1095 a)
695 1017 754 1075 in
777 1016 1099 1076 reticentia:
1142 1035 1268 1094 cap.
1301 1021 1374 1074 12
1403 1022 1464 1075 et
1491 1021 1584 1074 13.

608 1095 676 1172 b)
701 1094 761 1154 in
786 1096 1049 1155 orationis
1074 1096 1355 1155 vanitate:
1397 1112 1524 1173 eap.
1558 1098 1650 1153 14.

608 1174 815 1253 Itaque
860 1192 1085 1234 omnem
1130 1181 1191 1235 et
1236 1174 1742 1234 dissimulationem
1794 1177 1856 1231 et
1905 1169 2324 1231 simulationem

762 1253 1073 1315 tollendam
1100 1271 1258 1313 esse:
1299 1272 1424 1332 cap.
1459 1259 1552 1313 15.

688 1334 835 1409 Eam
853 1333 1116 1392 fraudem
1142 1340 1203 1391 et
1226 1332 1450 1412 legibus
1476 1328 1772 1391 vindicari:
1813 1348 1940 1409 cap.
1965 1335 2058 1389 16.

844 1419 905 1471 et
922 1412 1105 1471 multo
1119 1412 1305 1490 mag-is
1323 1429 1358 1469 a
1378 1410 1736 1489 philosophia
1751 1408 2039 1469 damnari:
2069 1427 2196 1487 cap.
2223 1408 2300 1469 1'1
2305 1454 2322 1471 .

607 1490 838 1550 Peocari
862 1491 1041 1549 solere
1065 1492 1124 1549 in
1148 1490 1268 1549 vita
1287 1490 1514 1567 privata
1531 1488 1780 1549 avaritiae
1809 1506 2012 1547 eausa:
2053 1506 2179 1569 eap.
2205 1494 2306 1550 18.

766 1569 1042 1628 bonorum
1070 1567 1314 1627 officium
1341 1574 1536 1628 eontra
1561 1568 1811 1647 ponitur:
1855 1586 1980 1645 cap.
2012 1573 2103 1627 19.

686 1648 746 1707 in
769 1649 887 1709 vita
912 1648 1141 1726 publiea
1166 1647 1286 1705 fere
1313 1648 1630 1706 ambitionis
1657 1664 1864 1707 eausa:
1907 1664 2030 1725 eap.
2063 1653 2156 1705 20.

921 1733 981 1785 et
999 1726 1270 1805 potentiae
1300 1726 1711 1803 consequendae
1735 1744 1938 1785 eausa:
1967 1744 2091 1804 cap.
2117 1731 2210 1785 21.

766 1805 969 1867 veteris
1008 1813 1239 1865 senatus
1266 1806 1432 1866 Rom.
1461 1806 1786 1885 exemplum
1811 1804 2146 1884 opponitur:
2187 1822 2321 1885 oap.

608 1964 959 2036 Quaestiones
982 1962 1268 2028 nonnullae
1295 1964 1618 2023 solvuntur:
1662 1981 1788 2042 cap.
1821 1969 1914 2023 23.
2241 2032 2246 2037 ,

764 2044 822 2104 in
863 2043 1057 2124 primis
1099 2044 1173 2104 de
1209 2044 1392 2123 pactis
1437 2041 1723 2121 promissis
1761 2040 2047 2102 servandis
2073 2048 2176 2103 aut
2199 2061 2320 2104 non

925 2123 1246 2184 servandis:
1291 2143 1414 2202 cap.
1445 2122 1598 2202 24,§
1629 2130 1870 2202 l-eap.
1902 2120 2056 2202 25,§
2085 2129 2138 2184 9.

526 2282 595 2342 Β.
624 2301 757 2342 eum
784 2281 1143 2340 Fortitudine
1166 2299 1203 2338 a
1228 2299 1355 2359 cap.
1386 2285 1669 2358 26-02113,
1707 2285 1801 2339 32.

606 2361 695 2420 Ea
718 2360 1004 2419 eontentio
1029 2360 1345 2420 illustratur
1371 2359 1646 2437 exemplis

688 2459 725 2498 a
778 2437 993 2498 Ulixis:
1036 2458 1162 2518 cap.
1194 2445 1290 2508 26,
1317 2437 1354 2516 ξ
1385 2436 1536 2518 1—§
1566 2447 1621 2500 5.

685 2518 727 2577 b
779 2517 1020 2597 Reguli:
1064 2537 1189 2596 cap.
1221 2523 1317 2589 26,
1344 2515 1380 2596 ξ
1410 2524 1654 2597 6—oap.
1679 2523 1774 2578 32.

767 2596 896 2667 Qua
918 2597 977 2656 in
1000 2616 1063 2656 re
1089 2597 1380 2676 praeeipue
1415 2597 1606 2676 agitur
1625 2597 1699 2656 de
1712 2597 1842 2677 jure
1854 2595 2104 2675 jurando
2127 2615 2164 2655 a
2189 2615 2322 2678 cap.

926 2683 1021 2745 28,
1109 2680 1298 2735 4—oa
1340 2721 1355 2736 .
1385 2683 1482 2736 32.

922 2673 1081 2834 quo&
1094 2753 1159 2912 a}
1192 2696 1554 2814 extgnuatur:
1599 2773 1726 2836 eap.
1757 2762 1852 2825 28,
1879 2752 1917 2834 ξ
1950 2755 2160 2816 4—-fin.
2189 2773 2324 2835 cap.

1080 2833 1131 2908 β
1187 2833 1510 2894 defenditur

1188 2913 1528 2972 rationibus:
1573 2931 1698 2992 cap.
1729 2920 1804 2973 29
1833 2919 1892 2972 et
1917 2919 2014 2972 30.

1186 2992 1524 3052 auctoritate
1547 2993 1864 3072 majorum:
1893 3012 2020 3073 cap.
2035 2999 2108 3054 31
2133 2997 2194 3052 et
2219 2997 2323 3054 32.

532 3153 599 3212 G.
628 3170 761 3214 oum
792 3151 1176 3228 Temperantia
1194 3169 1215 3208 .·
1256 3169 1381 3228 oap.
1411 3157 1506 3209 33.

446 3245 459 3264 ’
611 3233 755 3303 Quae
786 3231 1066 3290 eontentio
1094 3249 1218 3289 esse
1253 3248 1368 3288 non
1393 3231 1588 3308 possit,
1609 3229 1715 3288 nisi
1739 3229 1867 3308 quis
1893 3228 2124 3308 Epicuri
2148 3229 2322 3288 ratio·

765 3329 899 3368 nem
924 3310 999 3369 de
1036 3309 1332 3388 voluptate
1373 3310 1609 3386 probet:
1650 3309 1842 3387 itaque
1881 3308 2322 3380 demonstratur,

372 3466 425 3534 E
464 3467 505 3528 ss
767 3394 1213 3546 qua330133152ea
1225 3388 1524 3526 gignestafi
1548 3388 1900 3452 adversetur.

422 3487 465 3549 p
504 3485 683 3548 ogus:
725 3485 851 3547 cap.
960 3511 975 3527 .
1146 3499 1227 3510 —
1305 3511 1322 3528 .
