2484 4175
346 285 407 368 ά
685 259 709 288 ⁸
970 299 1142 340 menn
1167 299 1230 340 11.
1314 299 1449 340 cnr.
1478 299 1569 339 xx.
2206 279 2283 340 w
2348 278 2357 288 ⁶
2444 319 2452 326 -

243 429 480 503 debent,
498 436 602 489 aut
627 448 742 500 εοε,
763 447 908 508 quoa
932 448 1048 489 non
1073 427 1341 508 expedit:
1382 428 1431 488 si
1454 426 1863 508 imprudentes,
1882 426 2177 508 negligen-

244 520 346 579 tiae
377 527 498 588 est;
539 521 588 579 si
613 521 870 589 scienteS,
891 519 1239 579 temeritatis.
1320 518 1616 578 Utendum
1644 518 1815 578 etiam
1836 525 1925 578 est
1944 537 2177 578 excusa·
2208 523 2287 584 14

245 610 401 670 tione
427 610 702 669 adversus
728 629 844 680 eos,
871 628 1017 688 quos
1055 609 1265 668 invitus
1290 609 1565 678 offendas,
1593 627 1935 688 quacunque
1973 608 2177 687 possis,

245 719 426 778 quare
450 699 528 768 id,
551 699 710 779 quod
735 699 952 768 feceri&
974 718 1206 758 necesse
1231 698 1423 768 fuerit,
1444 718 1549 758 nec
1576 699 1739 758 aliter
1763 699 1953 758 facere
1980 705 2181 776 potue-

245 789 358 846 ris:
401 771 716 868 ceterisque
755 790 942 868 operis
982 796 1042 849 et
1080 789 1275 848 officiis
1314 789 1422 848 erit
1460 788 1539 859 id,
1568 788 1728 868 quod
1752 788 2027 848 violatum
2072 794 2179 858 est,

247 880 752 957 compensandum.
1808 901 1814 908 ’

324 1058 454 1118 XX.
498 1057 618 1117 Sed
638 1077 769 1118 cum
790 1057 849 1117 in
866 1058 1188 1118 hominibus
1209 1057 1475 1137 juvandis
1491 1065 1593 1118 aut
1610 1076 1795 1121 mores
1815 1058 2061 1138 spectari
2079 1064 2183 1117 aut

244 1148 482 1206 fortuna
519 1148 732 1208 soleat:
776 1148 937 1208 dictu
959 1148 1192 1226 quidem
1231 1157 1323 1208 εει
1360 1149 1627 1227 proclive,
1655 1149 1847 1226 itaque
1874 1148 2053 1227 vulgo
2091 1147 2175 1208 lo-

243 1245 518 1315 quuntur,
548 1256 609 1296 εε
651 1238 708 1296 in
750 1238 1034 1298 beneficiis
1077 1238 1423 1297 collocandis
1468 1257 1655 1298 mores
1706 1237 2020 1307 hominum,
2060 1257 2177 1296 non

245 1327 546 1386 fortunam-
575 1327 750 1406 sequi.
832 1328 1092 1387 Honesta
1119 1328 1300 1387 oratio
1325 1334 1432 1388 εει.
1514 1327 1632 1387 Sed
1657 1327 1786 1406 quis
1812 1334 1903 1387 εει
1928 1327 2179 1397 tandem,
2210 1325 2259 1386 OE

245 1417 348 1494 qui
398 1417 582 1496 inopis
631 1425 690 1476 et
729 1417 944 1496 ‚optimi
989 1418 1094 1477 viri
1132 1435 1323 1478 causoe
1374 1437 1491 1478 non
1542 1425 1869 1496 anteponat,
1909 1417 1969 1476 in
2006 1436 2185 1496 opera

245 1506 458 1575 danda,
480 1507 726 1586 gratiam
745 1507 1018 1566 fortunati
1037 1514 1097 1566 et
1116 1508 1365 1586 potentis
1386 1508 1415 1567 ‘2
1474 1507 1537 1567 A
1556 1527 1671 1586 quo
1699 1508 1849 1568 enim
1868 1508 2185 1587 expeditior
2201 1512 2259 1579 3)

247 1603 308 1654 ει
337 1597 574 1655 celerior
598 1597 977 1655 remuneratio
1001 1597 1122 1674 fiore
1145 1597 1387 1666 videtur,
1409 1597 1468 1656 in
1493 1617 1627 1656 eum
1654 1598 1775 1656 fere
1802 1604 1891 1657 est
1916 1597 2183 1658 voluntas

245 1692 442 1744 nostra
460 1687 807 1765 propensior.
851 1687 968 1746 Sed
987 1687 1550 1746 animadvertendum
1572 1694 1662 1747 εει
1681 1687 2024 1768 diligentiuS,
2048 1707 2179 1767 quae
2209 1691 2248 1746 4

245 1783 454 1834 natura
497 1795 688 1834 rerum
733 1777 822 1836 sit.
905 1776 1190 1836 Nimirum
1237 1777 1389 1837 enim
1435 1778 1600 1856 inops
1643 1778 1753 1846 ille,
1783 1779 1832 1836 si
1870 1777 2055 1836 bonus
2094 1785 2185 1837 est

245 1866 350 1934 vir,
381 1866 602 1924 etiamsi
628 1866 836 1924 referre
876 1867 1122 1945 gratiam
1160 1886 1275 1925 non
1314 1873 1521 1945 potest,
1550 1867 1763 1926 babere
1790 1875 1943 1926 certe
1971 1874 2181 1946 potest.

248 1955 567 2014 Commode
594 1963 806 2040 autern,⁸
825 1956 1145 2036 quicunque
1172 1956 1332 2025 dixit,
1364 1957 1663 2034 pecuniam
1692 1956 1790 2036 qui
1814 1957 2043 2026 habeat,
2070 1976 2185 2016 non
2211 1965 2248 2016 5

245 2045 566 2104 reddidisse
584 2065 600 2115 ;
640 2046 742 2124 qui
765 2045 1089 2115 reddiderit,
1107 2065 1222 2106 non
1242 2047 1488 2106 habere:
1528 2046 1777 2126 gratiam
1792 2053 1985 2105 autem
2005 2053 2067 2106 et
2084 2047 2185 2125 qui

245 2135 520 2203 retulerit,
553 2136 804 2206 habere3
845 2144 906 2195 et
941 2136 1039 2214 qui
1065 2136 1293 2206 babeat,
1320 2137 1599 2196 retulisse.
1681 2136 1785 2204 At,
1814 2137 1912 2214 qui
1938 2155 2001 2195 εε
2026 2138 2181 2196 Ιοοιι-
2212 2143 2248 2197 6

247 2226 458 2303 ΡΙειεε,
488 2226 814 2295 honoratos,
844 2226 1044 2286 beatos
1072 2233 1299 2304 putant,
1326 2226 1365 2285 ii
1389 2246 1463 2286 ne
1487 2226 1727 2305 obligari
1754 2226 1985 2303 quidem
2012 2226 2183 2285 bene-

247 2315 378 2373 ficio
407 2315 639 2385 volunt;
680 2317 818 2394 quin
859 2316 1032 2375 etiam
1075 2316 1413 2375 beneficium
1452 2336 1515 2375 se
1554 2314 1791 2383 dedisse,
1820 2316 2183 2386 arbitrantur,

250 2424 385 2465 cum
415 2406 526 2485 ipsi
553 2406 810 2484 quamvis
835 2425 1110 2485 magnum
1149 2406 1381 2484 aliquod
1420 2406 1772 2485 acceperint;
1812 2412 1987 2485 atque
2014 2406 2185 2466 etiam

252 2514 290 2553 a
317 2514 382 2554 se
408 2502 512 2555 aut
538 2496 815 2575 postulari
854 2503 956 2554 aut
993 2496 1285 2575 expectari
1322 2494 1535 2576 aliquid
1562 2495 1953 2574 suspicantur:
1994 2502 2187 2576 patro-

249 2586 398 2644 cinio
426 2604 562 2644 vero
589 2604 652 2645 se
677 2604 814 2645 usos
841 2594 942 2644 aut
969 2586 1202 2645 clientes
1221 2585 1513 2665 appellari,
1536 2584 1733 2644 mortis
1758 2585 1937 2645 instar
1962 2593 2185 2665 putant.

248 2676 340 2735 At
366 2694 504 2735 vero
544 2676 638 2735 ille
675 2676 880 2744 tenuiS,
911 2695 1060 2745 cum,
1090 2675 1361 2754 quicquid
1387 2675 1606 2735 factum
1632 2675 1725 2746 sit,
1752 2695 1815 2735 se
1842 2682 2185 2755 spectatum,
2215 2676 2251 2736 ’1

249 2784 369 2823 non
387 2765 678 2825 fortunam
698 2772 882 2844 putat,
901 2784 1016 2823 non
1040 2765 1216 2825 modo
1243 2765 1342 2834 illi,
1363 2765 1462 2843 qui
1490 2772 1583 2823 est
1600 2765 1861 2834 meritus,
1885 2765 1989 2825 sed
2016 2765 2190 2823 etiam

248 2855 379 2923 illis,
407 2874 445 2913 a
471 2855 678 2935 quibus
718 2862 986 2934 expectat
1013 2852 1172 2935 (eget
1211 2856 1361 2916 enim
1401 2853 1625 2933 multis)
1652 2861 1883 2933 gratum
1921 2872 1984 2912 se
2011 2854 2189 2913 videri

251 2944 486 3004 studet:
527 2964 714 3022 neque
739 2962 875 3004 vero
902 2946 1088 3005 verbis
1135 2954 1312 3024 auget
1350 2964 1520 3004 suum
1560 2963 1785 3012 munna,
1813 2943 1861 3001 si
1885 2962 2001 3021 quo
2038 2944 2187 3002 forte

207 3108 220 3119 ν
248 3034 524 3114 fungitur,
543 3035 648 3093 sed
675 3034 845 3093 etiam
871 3042 1160 3097 extenuat.
1240 3034 1685 3113 Videndumque
1711 3032 1852 3092 illud
1880 3040 1987 3102 est,
2006 3033 2183 3111 quod,
2215 3041 2251 3093 8

251 3124 298 3184 si
325 3125 664 3203 opulentum
702 3124 1169 3205 fortunatumque
1195 3122 1536 3191 defenderim
1564 3124 1624 3182 in
1648 3142 1765 3183 uno
1788 3122 1885 3182 illo
1911 3130 2019 3203 aut,
2038 3124 2187 3183 forte

259 3214 318 3273 in
344 3214 538 3273 liberis
581 3214 706 3293 ejus
745 3220 940 3273 manet
964 3216 1182 3293 gratia;
1223 3214 1311 3273 sin
1336 3219 1530 3272 autem
1556 3212 1799 3291 inopem,
1828 3216 2074 3292 probum
2100 3221 2187 3273 ta-

257 3323 390 3363 men
417 3310 478 3361 et
504 3304 848 3373 modestum,
879 3324 1077 3363 omnes
1103 3324 1216 3363 non
1243 3302 1488 3382 improbi
1513 3302 1757 3363 humiles
1796 3303 1955 3383 (qua-3·
1979 3323 2189 3385 magna

257 3394 314 3451 in
358 3394 578 3473 populo
627 3394 936 3453 multitudo
983 3393 1096 3474 est)
1153 3394 1487 3473 praesidium
1526 3393 1631 3451 sibi
1670 3402 1935 3472 paratum
1974 3395 2185 3453 vident.

257 3484 644 3553 Quamobrem
682 3485 882 3543 melius
924 3485 1082 3564 apud
1118 3486 1316 3554 bonOS,
1345 3503 1519 3563 quam
1543 3483 1701 3562 apud
1727 3484 2060 3552 fortunatos,
2090 3484 2186 3542 be·
2214 3490 2251 3543 9

255 3573 521 3631 neficium
548 3573 813 3633 collocari
837 3582 999 3654 puto,
1081 3574 1292 3633 Danda
1330 3573 1557 3633 omnino
1598 3592 1775 3651 opera
1812 3580 1917 3641 est,
1946 3579 2012 3633 ut
2038 3573 2189 3632 omni
2218 3578 2293 3633 10

257 3662 450 3743 generi
476 3663 616 3722 satis
655 3664 844 3723 facere
883 3664 1203 3745 possimus:
1246 3663 1349 3723 sed
1374 3664 1425 3722 si
1448 3682 1541 3723 res
1568 3662 1627 3723 in
1652 3663 2068 3723 contentionem
2091 3680 2211 3745 νος
