2484 4175
1221 313 1303 374 5⁷

823 787 1114 866 LIBER
1165 775 1697 894 SECUNDUS.

317 1177 366 1238 1.
395 1179 868 1252 Qunmuontm
883 1179 1064 1239 officia
1083 1179 1429 1240 ducerentur
1441 1181 1517 1240 ab
1530 1179 1848 1253 honestate,
1866 1181 2060 1244 Marce
2074 1183 2171 1256 fili,

232 1277 412 1349 atque
439 1271 518 1330 ab
543 1271 698 1330 omni
723 1291 962 1351 genere
952 1271 1196 1341 virtutis,
1226 1271 1363 1330 satis
1390 1272 1737 1351 explicatum
1762 1274 2005 1334 arbitror
2030 1275 2175 1335 libro

233 1361 542 1440 superiore.
625 1361 911 1442 Sequitur,
957 1368 1026 1421 ut
1063 1363 1190 1420 haec
1237 1363 1549 1422 officiorum
1591 1383 1802 1444 genera
1844 1383 2173 1444 persequar,
2202 1371 2239 1426 2

233 1472 370 1531 quae
406 1453 692 1532 pertinent
733 1453 810 1512 ad
850 1453 986 1515 vitae
1011 1453 1263 1522 cultum,
1293 1461 1353 1512 et
1378 1453 1455 1512 ad
1492 1473 1687 1513 earum
1728 1475 1939 1525 rerum,
1968 1457 2176 1535 quibus

231 1550 480 1602 utuntur
503 1543 774 1612 homines,
796 1531 1146 1612 ἰάἳιὶῖῡειίὲιιι,
1165 1543 1239 1602 ad
1269 1562 1425 1622 opeS,
1444 1543 1520 1603 ad
1542 1545 1751 1624 copias.
1814 1547 1887 1604 In
1906 1565 2022 1625 quo
2048 1553 2175 1606 tum

232 1634 419 1711 quaeri
446 1633 576 1703 dixi,
606 1634 744 1712 quid
770 1634 924 1702 utile,
955 1633 1092 1712 quid
1117 1633 1348 1696 inutile:
1386 1642 1513 1694 tum
1542 1655 1612 1695 ex
1637 1635 1873 1696 utilibus
1900 1635 2039 1715 quid
2064 1637 2175 1695 uti-

231 1725 361 1793 lius,
391 1731 494 1783 aut
519 1725 655 1803 quid
682 1724 924 1784 maxime
950 1724 1107 1783 utile.
1189 1723 1279 1783 De
1306 1725 1513 1802 quibus
1554 1725 1742 1786 dicere
1776 1727 2098 1808 aggrediar,
2128 1726 2179 1786 si

231 1833 424 1893 pauca
449 1815 606 1892 prius
632 1813 706 1874 de
731 1815 990 1874 instituto
1015 1834 1084 1873 ac
1112 1814 1186 1872 de
1207 1815 1430 1894 judicio
1452 1835 1585 1874 meo
1613 1815 1826 1876 dixero.

316 1906 679 1983 Quamquam
719 1906 870 1965 enim
911 1905 1040 1965 libri
1081 1905 1262 1964 nostri
1302 1905 1625 1983 complures
1651 1925 1766 1963 non
1791 1905 1965 1964 modo
1992 1906 2068 1965 ad
2094 1906 2175 1966 le·
2204 1913 2241 1966 8

230 1995 426 2075 gendi,
445 1995 549 2054 sed
569 1996 742 2054 etiam
761 1995 836 2054 ad
863 1995 1146 2055 scribendi
1172 1995 1427 2054 studium
1448 1994 1854 2064 excitaverunt,
1872 2003 2065 2054 tamen
2093 1997 2173 2055 in-

231 2086 468 2145 terdum
492 2105 706 2156 vereor,
734 2106 806 2145 ne
833 2086 1175 2166 quibusdam
1216 2086 1378 2146 bonis
1406 2084 1537 2145 viris
1566 2084 1945 2164 philosophiae
1969 2106 2177 2146 nomen

233 2178 310 2235 sit
335 2176 598 2247 invisum,
626 2176 1026 2254 mirenturque,
1055 2177 1114 2235 in
1155 2195 1224 2235 ea
1263 2182 1489 2235 tantum
1528 2194 1623 2235 me
1650 2194 1843 2255 operae
1870 2181 1929 2235 et
1953 2183 2176 2256 tempo·

231 2268 312 2325 ris
357 2285 586 2345 ponere.
665 2266 794 2345 Ego
833 2275 1028 2326 autem
1054 2286 1226 2345 quam
1255 2265 1355 2325 diu
1378 2284 1471 2325 res
1497 2265 1729 2346 publica
1755 2286 1860 2346 per
1886 2286 1983 2326 eos
2011 2286 2173 2348 gere·
2202 2272 2241 2329 4

232 2358 422 2426 batur,
453 2356 660 2435 quibus
687 2376 749 2415 se
774 2357 902 2435 ipsa
941 2358 1317 2436 commiserat
1345 2376 1541 2437 omnes
1581 2376 1740 2416 meas
1768 2376 1933 2416 curas
1960 2359 2174 2439 cogita-

233 2448 530 2525 tionesque
556 2446 615 2505 in
641 2466 768 2507 eam
806 2447 1184 2507 conferebam.
1268 2430 1419 2506 Cum
1459 2455 1654 2507 autem
1686 2448 1983 2508 dominatu
2007 2450 2175 2509 unius
2204 2458 2240 2511 5

233 2539 425 2598 omnia
450 2544 790 2607 tenerentur,
818 2557 1003 2617 neque
1035 2545 1186 2597 esset
1224 2557 1469 2617 usquam
1513 2540 1743 2599 consilio
1787 2547 1889 2599 aut
1932 2540 2174 2599 auctori-

232 2629 342 2688 tati
368 2629 545 2698 locuS,
573 2628 756 2687 socios
781 2628 1027 2710 denique
1063 2628 1295 2688 tuendae
1321 2630 1403 2688 rei
1429 2629 1692 2708 publicae,
1723 2650 1979 2689 summos
2006 2631 2173 2700 viros,

232 2718 578 2777 amisissem:
605 2737 825 2777 necme
845 2716 1150 2798 angoribus
1177 2718 1387 2789 dedidi,
1410 2720 1617 2799 quibus
1644 2738 1830 2779 essem
1858 2720 2173 2789 confectus,

231 2809 340 2868 nisi
363 2810 430 2868 iis
457 2808 806 2879 restitissem,
822 2828 929 2869 nec
947 2828 1174 2868 rursum
1199 2809 1443 2889 indignis
1471 2810 1698 2868 homine
1720 2808 1891 2867 docto
1909 2810 2172 2887 volupta-

232 2900 406 2959 tibus
468 2900 668 2977 Atque
689 2900 907 2958 utinam
933 2919 1025 2958 res
1045 2900 1279 2979 publica
1298 2900 1565 2967 stetisset,
1585 2917 1701 2978 quo
1722 2904 1981 2976 coeperat
1998 2904 2174 2967 statu,
2202 2904 2239 2957 6

231 3010 340 3049 nec
359 2990 418 3047 in
437 2990 693 3049 homines
711 3009 826 3048 non
843 2996 964 3049 tam
985 2990 1531 3057 commutandarum,
1550 3006 1722 3066 quam
1742 2986 2175 3047 evertendarum

231 3099 427 3137 rerum
457 3079 696 3159 cupidos
729 3080 1030 3139 incidisset.
1110 3079 1371 3138 Primum
1396 3077 1564 3146 enim,
1593 3084 1661 3136 ut
1687 3083 1875 3135 stante
1900 3096 1963 3135 re
1990 3078 2175 3156 publi·
2204 3079 2239 3140 7

234 3190 304 3227 ca
329 3170 520 3228 facere
547 3170 886 3240 solebamus,
907 3171 967 3228 in
991 3169 1218 3251 agendo
1242 3168 1394 3248 plus,
1412 3187 1587 3247 quam
1613 3168 1674 3227 in
1700 3167 2017 3239 scribend0‚
2040 3189 2176 3250 ope-

230 3278 316 3318 rae
361 3278 732 3338 poneremus:
775 3259 980 3319 deinde
1021 3260 1159 3340 ipsis
1201 3258 1423 3338 scriptis
1460 3278 1575 3318 non
1600 3278 1685 3329 ea,
1718 3278 1850 3338 quae
1874 3278 2043 3329 nunc,
2073 3261 2174 3320 sed

233 3350 487 3408 actiones
513 3356 737 3408 nostras
761 3348 1181 3419 mandaremus,
1203 3357 1272 3409 ut
1298 3368 1454 3429 saepe
1480 3349 1738 3409 fecimus·
1804 3350 1953 3409 Cum
1982 3356 2177 3408 autem
2205 3356 2241 3409 8

231 3460 326 3498 res
357 3439 604 3517 publica,
631 3439 689 3497 in
715 3459 828 3518 qua
854 3440 1033 3499 omnis
1061 3459 1188 3499 mea
1215 3459 1369 3508 cura,
1400 3440 1691 3519 cogitatio,
1720 3458 1897 3519 opera
1922 3440 2059 3523 poni
2086 3458 2173 3497 so·
2252 3480 2265 3501 .·

231 3530 410 3598 lebat,
438 3529 598 3587 nulla
638 3536 790 3588 esset
829 3529 1217 3599 omnin0,‘illae
1257 3530 1472 3589 scilicet
1513 3530 1720 3588 litterae
1763 3522 2171 3597 conticuerunt,

229 3620 493 3683 forenses
536 3624 597 3677 et
635 3619 950 3679 senatoriae.
1032 3619 1191 3678 Nihil
1231 3638 1401 3698 agere
1438 3627 1631 3678 autem
1660 3638 1792 3677 cum
1818 3617 2035 3675 animus
2061 3636 2177 3675 non
2204 3622 2241 3679 9

230 3715 457 3791 posset,
485 3708 545 3767 in
569 3708 658 3768 his
683 3708 886 3767 studiis
912 3709 988 3768 ab
1011 3709 1166 3767 initio
1193 3714 1452 3768 versatus
1480 3706 1687 3775 aetatis,
1716 3706 2043 3774 existimavi,
2071 3706 2175 3765 ho·
