<?xml version="1.0" encoding="UTF-8"?>
<!DOCTYPE html PUBLIC "-//W3C//DTD XHTML 1.0 Transitional//EN"
    "http://www.w3.org/TR/xhtml1/DTD/xhtml1-transitional.dtd">
<html xmlns="http://www.w3.org/1999/xhtml" xml:lang="en" lang="en">
 <head>
  <title>
</title>
<meta http-equiv="Content-Type" content="text/html;charset=utf-8" />
  <meta name='ocr-system' content='tesseract 3.04.00' />
  <meta name='ocr-capabilities' content='ocr_page ocr_carea ocr_par ocr_line ocrx_word'/>
</head>
<body>
  <div class='ocr_page' id='page_1' title='image "./mtulliciceronis00unkngoog_0086.png"; bbox 0 0 2484 4175; ppageno 0'>
   <div class='ocr_carea' id='block_1_1' title="bbox 334 302 1576 363">
    <p class='ocr_par' dir='ltr' id='par_1_1' title="bbox 334 302 1576 363">
     <span class='ocr_line' id='line_1_1' title="bbox 334 302 1576 363; baseline -0.002 0"><span class='ocrx_word' id='word_1_1' title='bbox 334 318 339 331; x_wconf 93' lang='grc'>·</span> <span class='ocrx_word' id='word_1_2' title='bbox 380 302 461 363; x_wconf 77' lang='lat'><strong>&#39;10</strong></span> <span class='ocrx_word' id='word_1_3' title='bbox 1198 322 1277 361; x_wconf 78' lang='lat' dir='ltr'><strong>nn</strong></span> <span class='ocrx_word' id='word_1_4' title='bbox 1321 320 1576 363; x_wconf 69' lang='lat' dir='ltr'><strong>oureus</strong></span> 
     </span>
    </p>
   </div>
   <div class='ocr_carea' id='block_1_2' title="bbox 417 449 2461 979">
    <p class='ocr_par' dir='ltr' id='par_1_2' title="bbox 417 442 2461 979">
     <span class='ocr_line' id='line_1_2' title="bbox 482 449 2416 532; baseline -0.001 -23"><span class='ocrx_word' id='word_1_5' title='bbox 482 450 879 529; x_wconf 87' lang='lat' dir='ltr'><strong>imperandum</strong></span> <span class='ocrx_word' id='word_1_6' title='bbox 906 449 1077 529; x_wconf 82' lang='lat' dir='ltr'>deligi</span> <span class='ocrx_word' id='word_1_7' title='bbox 1114 451 1328 519; x_wconf 86' lang='lat' dir='ltr'><strong>solitos,</strong></span> <span class='ocrx_word' id='word_1_8' title='bbox 1357 469 1600 528; x_wconf 89' lang='lat' dir='ltr'><strong>quorum</strong></span> <span class='ocrx_word' id='word_1_9' title='bbox 1641 450 1713 509; x_wconf 89' lang='lat' dir='ltr'><strong>de</strong></span> <span class='ocrx_word' id='word_1_10' title='bbox 1745 450 1968 529; x_wconf 84' lang='lat' dir='ltr'><strong>justitia</strong></span> <span class='ocrx_word' id='word_1_11' title='bbox 2005 468 2216 532; x_wconf 82' lang='lat' dir='ltr'><strong>magna</strong></span> <span class='ocrx_word' id='word_1_12' title='bbox 2261 454 2416 507; x_wconf 75' lang='lat' dir='ltr'><strong>esset</strong></span> 
     </span>
     <span class='ocr_line' id='line_1_3' title="bbox 482 539 2461 631; baseline -0.001 -32"><span class='ocrx_word' id='word_1_13' title='bbox 482 540 669 619; x_wconf 89' lang='lat' dir='ltr'><strong>opinio</strong></span> <span class='ocrx_word' id='word_1_14' title='bbox 698 540 1085 599; x_wconf 84' lang='lat' dir='ltr'><strong>multitudinis.</strong></span> <span class='ocrx_word' id='word_1_15' title='bbox 1168 540 1465 618; x_wconf 90' lang='lat' dir='ltr'><strong>Adjuncto</strong></span> <span class='ocrx_word' id='word_1_16' title='bbox 1491 560 1642 609; x_wconf 84' lang='lat' dir='ltr'><strong>vero,</strong></span> <span class='ocrx_word' id='word_1_17' title='bbox 1671 539 1740 599; x_wconf 83' lang='lat' dir='ltr'><strong>ut</strong></span> <span class='ocrx_word' id='word_1_18' title='bbox 1763 541 1932 599; x_wconf 87' lang='lat' dir='ltr'><strong>iidem</strong></span> <span class='ocrx_word' id='word_1_19' title='bbox 1960 541 2130 599; x_wconf 88' lang='lat' dir='ltr'><strong>etiam</strong></span> <span class='ocrx_word' id='word_1_20' title='bbox 2158 540 2416 617; x_wconf 82' lang='lat' dir='ltr'><strong>pruden-</strong></span> <span class='ocrx_word' id='word_1_21' title='bbox 2459 542 2461 631; x_wconf 42' lang='grc' dir='ltr'>ᾗ</span> 
     </span>
     <span class='ocr_line' id='line_1_4' title="bbox 482 630 2414 707; baseline -0.001 -18"><span class='ocrx_word' id='word_1_22' title='bbox 482 637 571 689; x_wconf 89' lang='lat' dir='ltr'><strong>tes</strong></span> <span class='ocrx_word' id='word_1_23' title='bbox 596 630 959 699; x_wconf 74' lang='lat' dir='ltr'><strong>haberentur,</strong></span> <span class='ocrx_word' id='word_1_24' title='bbox 988 631 1126 689; x_wconf 87' lang='lat' dir='ltr'><strong>nihil</strong></span> <span class='ocrx_word' id='word_1_25' title='bbox 1152 638 1293 698; x_wconf 88' lang='lat' dir='ltr'><strong>erat,</strong></span> <span class='ocrx_word' id='word_1_26' title='bbox 1323 630 1481 707; x_wconf 89' lang='lat' dir='ltr'><strong>quod</strong></span> <span class='ocrx_word' id='word_1_27' title='bbox 1520 630 1776 689; x_wconf 87' lang='lat' dir='ltr'><strong>homines</strong></span> <span class='ocrx_word' id='word_1_28' title='bbox 1816 630 1904 688; x_wconf 91' lang='lat' dir='ltr'><strong>his</strong></span> <span class='ocrx_word' id='word_1_29' title='bbox 1941 630 2273 688; x_wconf 83' lang='lat' dir='ltr'><strong>auctoribus</strong></span> <span class='ocrx_word' id='word_1_30' title='bbox 2301 649 2414 687; x_wconf 88' lang='lat' dir='ltr'><strong>non</strong></span> 
     </span>
     <span class='ocr_line' id='line_1_5' title="bbox 417 706 2414 799; baseline -0.001 -20"><span class='ocrx_word' id='word_1_31' title='bbox 417 726 454 779; x_wconf 80' lang='lat'>6</span> <span class='ocrx_word' id='word_1_32' title='bbox 484 738 651 797; x_wconf 87' lang='lat' dir='ltr'><strong>posse</strong></span> <span class='ocrx_word' id='word_1_33' title='bbox 700 720 968 798; x_wconf 79' lang='lat' dir='ltr'>consequi</span> <span class='ocrx_word' id='word_1_34' title='bbox 1014 740 1075 778; x_wconf 89' lang='lat' dir='ltr'><strong>se</strong></span> <span class='ocrx_word' id='word_1_35' title='bbox 1123 720 1544 779; x_wconf 75' lang='lat' dir='ltr'><strong>arbitrarentur.</strong></span> <span class='ocrx_word' id='word_1_36' title='bbox 1628 720 1796 778; x_wconf 89' lang='lat' dir='ltr'><strong>Omni</strong></span> <span class='ocrx_word' id='word_1_37' title='bbox 1837 720 2010 799; x_wconf 85' lang='lat' dir='ltr'><strong>igitur</strong></span> <span class='ocrx_word' id='word_1_38' title='bbox 2054 706 2297 777; x_wconf 58' lang='lat' dir='ltr'><strong>mn&amp;</strong></span> <span class='ocrx_word' id='word_1_39' title='bbox 2321 738 2414 777; x_wconf 87' lang='lat' dir='ltr'><strong>co·</strong></span> 
     </span>
     <span class='ocr_line' id='line_1_6' title="bbox 482 802 2461 889; baseline -0.001 -22"><span class='ocrx_word' id='word_1_40' title='bbox 482 809 652 868; x_wconf 84' lang='lat' dir='ltr'><strong>lenda</strong></span> <span class='ocrx_word' id='word_1_41' title='bbox 678 816 739 867; x_wconf 76' lang='lat' dir='ltr'><strong>et</strong></span> <span class='ocrx_word' id='word_1_42' title='bbox 763 809 1056 867; x_wconf 87' lang='lat' dir='ltr'><strong>retinenda</strong></span> <span class='ocrx_word' id='word_1_43' title='bbox 1077 809 1298 887; x_wconf 84' lang='lat' dir='ltr'><strong>justitia</strong></span> <span class='ocrx_word' id='word_1_44' title='bbox 1325 816 1430 878; x_wconf 85' lang='lat' dir='ltr'><strong>est,</strong></span> <span class='ocrx_word' id='word_1_45' title='bbox 1461 816 1581 867; x_wconf 89' lang='lat' dir='ltr'><strong>tum</strong></span> <span class='ocrx_word' id='word_1_46' title='bbox 1606 809 1730 887; x_wconf 87' lang='lat' dir='ltr'><strong>ipsa</strong></span> <span class='ocrx_word' id='word_1_47' title='bbox 1757 829 1861 887; x_wconf 89' lang='lat' dir='ltr'><strong>per</strong></span> <span class='ocrx_word' id='word_1_48' title='bbox 1885 828 2028 877; x_wconf 88' lang='lat' dir='ltr'><strong>sese,</strong></span> <span class='ocrx_word' id='word_1_49' title='bbox 2059 807 2218 889; x_wconf 88' lang='lat' dir='ltr'><strong>(nam</strong></span> <span class='ocrx_word' id='word_1_50' title='bbox 2245 810 2415 868; x_wconf 85' lang='lat' dir='ltr'><strong>aliter</strong></span> <span class='ocrx_word' id='word_1_51' title='bbox 2459 802 2461 865; x_wconf 68' lang='grc' dir='ltr'><em>ἔ</em></span> 
     </span>
     <span class='ocr_line' id='line_1_7' title="bbox 477 896 2414 979; baseline -0.001 -21"><span class='ocrx_word' id='word_1_52' title='bbox 477 899 698 978; x_wconf 80' lang='lat' dir='ltr'><strong>justitia</strong></span> <span class='ocrx_word' id='word_1_53' title='bbox 721 918 835 957; x_wconf 89' lang='lat' dir='ltr'><strong>non</strong></span> <span class='ocrx_word' id='word_1_54' title='bbox 870 896 1071 977; x_wconf 84' lang='lat' dir='ltr'><strong>esset‚)</strong></span> <span class='ocrx_word' id='word_1_55' title='bbox 1100 906 1225 957; x_wconf 88' lang='lat' dir='ltr'><strong>tum</strong></span> <span class='ocrx_word' id='word_1_56' title='bbox 1263 906 1500 977; x_wconf 88' lang='lat' dir='ltr'><strong>propter</strong></span> <span class='ocrx_word' id='word_1_57' title='bbox 1538 898 2030 979; x_wconf 85' lang='lat' dir='ltr'><strong>amplificationem</strong></span> <span class='ocrx_word' id='word_1_58' title='bbox 2070 899 2308 957; x_wconf 88' lang='lat' dir='ltr'><strong>honoris</strong></span> <span class='ocrx_word' id='word_1_59' title='bbox 2355 905 2414 957; x_wconf 90' lang='lat' dir='ltr'><strong>et</strong></span> 
     </span>
    </p>
   </div>
   <div class='ocr_carea' id='block_1_3' title="bbox 481 980 2154 1139">
    <p class='ocr_par' dir='ltr' id='par_1_3' title="bbox 481 980 2154 1139">
     <span class='ocr_line' id='line_1_8' title="bbox 481 980 2154 1139; baseline 0.025 -96"><span class='ocrx_word' id='word_1_60' title='bbox 481 988 699 1068; x_wconf 84' lang='lat' dir='ltr'><strong>gloriae.</strong></span> <span class='ocrx_word' id='word_1_61' title='bbox 1333 1091 1343 1105; x_wconf 80' lang='lat'><strong>,</strong></span> <span class='ocrx_word' id='word_1_62' title='bbox 1388 1090 1412 1097; x_wconf 35' lang='lat' dir='ltr'>r</span> <span class='ocrx_word' id='word_1_63' title='bbox 1446 1066 1474 1104; x_wconf 54' lang='grc' dir='ltr'>ς</span> <span class='ocrx_word' id='word_1_64' title='bbox 1515 1004 1764 1096; x_wconf 51' lang='grc' dir='ltr'><strong>μῑι-νθῖΐ</strong></span> <span class='ocrx_word' id='word_1_65' title='bbox 1798 980 2154 1139; x_wconf 45' lang='grc' dir='ltr'><strong>ἓ.»-νΙγΛ»-ι</strong></span> 
     </span>
    </p>
   </div>
   <div class='ocr_carea' id='block_1_4' title="bbox 376 1138 2461 2590">
    <p class='ocr_par' dir='ltr' id='par_1_4' title="bbox 416 1138 2461 1426">
     <span class='ocr_line' id='line_1_9' title="bbox 416 1138 2408 1252; baseline -0.001 -25"><span class='ocrx_word' id='word_1_66' title='bbox 416 1167 453 1227; x_wconf 79' lang='grc'><strong>’1</strong></span> <span class='ocrx_word' id='word_1_67' title='bbox 560 1166 679 1227; x_wconf 85' lang='lat' dir='ltr'><strong>Sed</strong></span> <span class='ocrx_word' id='word_1_68' title='bbox 704 1138 789 1248; x_wconf 66' lang='lat' dir='ltr'><strong>&#39;ut</strong></span> <span class='ocrx_word' id='word_1_69' title='bbox 828 1168 1085 1252; x_wconf 73' lang='lat' dir='ltr'><strong>ppcuniae</strong></span> <span class='ocrx_word' id='word_1_70' title='bbox 1126 1186 1240 1227; x_wconf 90' lang='lat' dir='ltr'><strong>non</strong></span> <span class='ocrx_word' id='word_1_71' title='bbox 1281 1166 1610 1247; x_wconf 80' lang='lat' dir='ltr'><strong>quaerendae</strong></span> <span class='ocrx_word' id='word_1_72' title='bbox 1654 1160 1840 1227; x_wconf 76' lang='lat' dir='ltr'><strong>solum</strong></span> <span class='ocrx_word' id='word_1_73' title='bbox 1879 1168 2024 1227; x_wconf 88' lang='lat' dir='ltr'><strong>ratio</strong></span> <span class='ocrx_word' id='word_1_74' title='bbox 2063 1175 2171 1237; x_wconf 81' lang='lat' dir='ltr'><strong>est,</strong></span> <span class='ocrx_word' id='word_1_75' title='bbox 2199 1186 2408 1227; x_wconf 78' lang='lat' dir='ltr'><strong>verum</strong></span> 
     </span>
     <span class='ocr_line' id='line_1_10' title="bbox 482 1237 2461 1337; baseline 0.001 -22"><span class='ocrx_word' id='word_1_76' title='bbox 482 1257 653 1315; x_wconf 85' lang='lat' dir='ltr'><strong>etiam</strong></span> <span class='ocrx_word' id='word_1_77' title='bbox 687 1237 1059 1327; x_wconf 57' lang='lat' dir='ltr'><strong>Eolloea&#39;n‘doe,</strong></span> <span class='ocrx_word' id='word_1_78' title='bbox 1126 1277 1221 1317; x_wconf 81' lang='lat' dir='ltr'><strong>uae</strong></span> <span class='ocrx_word' id='word_1_79' title='bbox 1260 1264 1568 1336; x_wconf 83' lang='lat' dir='ltr'><strong>perpetuos</strong></span> <span class='ocrx_word' id='word_1_80' title='bbox 1607 1264 1872 1337; x_wconf 87' lang='lat' dir='ltr'><strong>sumptus</strong></span> <span class='ocrx_word' id='word_1_81' title='bbox 1911 1258 2261 1337; x_wconf 77' lang='lat' dir='ltr'><strong>suppeditet,</strong></span> <span class='ocrx_word' id='word_1_82' title='bbox 2305 1276 2410 1316; x_wconf 88' lang='lat' dir='ltr'><strong>nec</strong></span> <span class='ocrx_word' id='word_1_83' title='bbox 2460 1298 2461 1301; x_wconf 17' lang='grc' dir='ltr'>η</span> 
     </span>
     <span class='ocr_line' id='line_1_11' title="bbox 480 1346 2409 1426; baseline 0 -21"><span class='ocrx_word' id='word_1_84' title='bbox 480 1346 666 1405; x_wconf 85' lang='lat' dir='ltr'><strong>solum</strong></span> <span class='ocrx_word' id='word_1_85' title='bbox 684 1348 1043 1415; x_wconf 77' lang='lat' dir='ltr'><strong>necessarioS‚</strong></span> <span class='ocrx_word' id='word_1_86' title='bbox 1062 1367 1123 1405; x_wconf 89' lang='lat' dir='ltr'><strong>se</strong></span> <span class='ocrx_word' id='word_1_87' title='bbox 1180 1348 1350 1405; x_wconf 85' lang='lat' dir='ltr'><strong>etiam</strong></span> <span class='ocrx_word' id='word_1_88' title='bbox 1366 1347 1657 1406; x_wconf 86' lang='lat' dir='ltr'><strong>liberales:</strong></span> <span class='ocrx_word' id='word_1_89' title='bbox 1687 1348 1768 1405; x_wconf 88' lang='lat' dir='ltr'><strong>sic</strong></span> <span class='ocrx_word' id='word_1_90' title='bbox 1794 1347 1974 1425; x_wconf 76' lang='lat' dir='ltr'><strong>gloria</strong></span> <span class='ocrx_word' id='word_1_91' title='bbox 1991 1354 2052 1406; x_wconf 92' lang='lat' dir='ltr'><strong>et</strong></span> <span class='ocrx_word' id='word_1_92' title='bbox 2077 1347 2409 1426; x_wconf 74' lang='lat' dir='ltr'><strong>quaerenda,</strong></span> 
     </span>
    </p>

    <p class='ocr_par' dir='ltr' id='par_1_5' title="bbox 416 1436 2461 1694">
     <span class='ocr_line' id='line_1_12' title="bbox 416 1436 2406 1518; baseline 0 -23"><span class='ocrx_word' id='word_1_93' title='bbox 416 1442 453 1495; x_wconf 79' lang='lat'><em>8</em></span> <span class='ocrx_word' id='word_1_94' title='bbox 480 1436 882 1495; x_wconf 80' lang='lat' dir='ltr'><strong>etcollocanda</strong></span> <span class='ocrx_word' id='word_1_95' title='bbox 927 1500 950 1517; x_wconf 37' lang='lat' dir='ltr'>x</span> <span class='ocrx_word' id='word_1_96' title='bbox 988 1457 1005 1494; x_wconf 90' lang='lat'>1</span> <span class='ocrx_word' id='word_1_97' title='bbox 1080 1456 1113 1494; x_wconf 91' lang='lat' dir='ltr'><strong>e</strong></span> <span class='ocrx_word' id='word_1_98' title='bbox 1130 1444 1233 1495; x_wconf 86' lang='lat' dir='ltr'><strong>est.</strong></span> <span class='ocrx_word' id='word_1_99' title='bbox 1288 1438 1647 1518; x_wconf 83' lang='lat' dir='ltr'><strong>Quamquam</strong></span> <span class='ocrx_word' id='word_1_100' title='bbox 1664 1438 1940 1515; x_wconf 76' lang='lat' dir='ltr'><strong>praeclare</strong></span> <span class='ocrx_word' id='word_1_101' title='bbox 1957 1437 2238 1506; x_wconf 83' lang='lat' dir='ltr'><strong>Socrates,</strong></span> <span class='ocrx_word' id='word_1_102' title='bbox 2259 1438 2406 1496; x_wconf 88' lang='lat' dir='ltr'><strong>hanc</strong></span> 
     </span>
     <span class='ocr_line' id='line_1_13' title="bbox 478 1525 2461 1605; baseline 0.001 -21"><span class='ocrx_word' id='word_1_103' title='bbox 478 1525 628 1584; x_wconf 82' lang='lat' dir='ltr'><strong>viam</strong></span> <span class='ocrx_word' id='word_1_104' title='bbox 662 1525 737 1581; x_wconf 86' lang='lat' dir='ltr'><strong>ad</strong></span> <span class='ocrx_word' id='word_1_105' title='bbox 780 1526 1017 1603; x_wconf 81' lang='lat' dir='ltr'><strong>gloriam</strong></span> <span class='ocrx_word' id='word_1_106' title='bbox 1056 1527 1371 1603; x_wconf 82' lang='lat' dir='ltr'><strong>proximam</strong></span> <span class='ocrx_word' id='word_1_107' title='bbox 1397 1534 1458 1585; x_wconf 92' lang='lat' dir='ltr'><strong>et</strong></span> <span class='ocrx_word' id='word_1_108' title='bbox 1483 1526 1646 1604; x_wconf 82' lang='lat' dir='ltr'><strong>quasi</strong></span> <span class='ocrx_word' id='word_1_109' title='bbox 1677 1526 2151 1605; x_wconf 77' lang='lat' dir='ltr'><strong>compendiariam</strong></span> <span class='ocrx_word' id='word_1_110' title='bbox 2177 1526 2410 1586; x_wconf 83' lang='lat' dir='ltr'><strong>dicebat</strong></span> <span class='ocrx_word' id='word_1_111' title='bbox 2460 1596 2461 1601; x_wconf 8' lang='grc' dir='ltr'>η</span> 
     </span>
     <span class='ocr_line' id='line_1_14' title="bbox 480 1604 2461 1694; baseline 0.002 -23"><span class='ocrx_word' id='word_1_112' title='bbox 480 1633 623 1681; x_wconf 88' lang='lat' dir='ltr'><strong>esse,</strong></span> <span class='ocrx_word' id='word_1_113' title='bbox 666 1614 715 1671; x_wconf 89' lang='lat' dir='ltr'><strong>si</strong></span> <span class='ocrx_word' id='word_1_114' title='bbox 753 1615 879 1692; x_wconf 90' lang='lat' dir='ltr'><strong>quis</strong></span> <span class='ocrx_word' id='word_1_115' title='bbox 918 1615 977 1673; x_wconf 90' lang='lat' dir='ltr'><strong>id</strong></span> <span class='ocrx_word' id='word_1_116' title='bbox 1019 1622 1235 1694; x_wconf 84' lang='lat' dir='ltr'><strong>ageret,</strong></span> <span class='ocrx_word' id='word_1_117' title='bbox 1273 1623 1355 1685; x_wconf 89' lang='lat' dir='ltr'><strong>ut,</strong></span> <span class='ocrx_word' id='word_1_118' title='bbox 1386 1617 1566 1693; x_wconf 84' lang='lat' dir='ltr'><strong>qualis</strong></span> <span class='ocrx_word' id='word_1_119' title='bbox 1604 1616 1801 1675; x_wconf 90' lang='lat' dir='ltr'><strong>haberi</strong></span> <span class='ocrx_word' id='word_1_120' title='bbox 1837 1617 2025 1686; x_wconf 82' lang='lat' dir='ltr'><strong>vellet,</strong></span> <span class='ocrx_word' id='word_1_121' title='bbox 2066 1617 2194 1675; x_wconf 86' lang='lat' dir='ltr'><strong>talis</strong></span> <span class='ocrx_word' id='word_1_122' title='bbox 2237 1624 2406 1675; x_wconf 89' lang='lat' dir='ltr'><strong>esset.</strong></span> <span class='ocrx_word' id='word_1_123' title='bbox 2460 1604 2461 1613; x_wconf 35' lang='lat'>¹</span> 
     </span>
    </p>

    <p class='ocr_par' dir='ltr' id='par_1_6' title="bbox 414 1703 2461 1876">
     <span class='ocr_line' id='line_1_15' title="bbox 414 1703 2410 1781; baseline 0.002 -18"><span class='ocrx_word' id='word_1_124' title='bbox 414 1709 451 1763; x_wconf 81' lang='lat'>9</span> <span class='ocrx_word' id='word_1_125' title='bbox 479 1703 648 1773; x_wconf 82' lang='lat' dir='ltr'><strong>Quod</strong></span> <span class='ocrx_word' id='word_1_126' title='bbox 693 1704 741 1761; x_wconf 91' lang='lat' dir='ltr'><strong>si</strong></span> <span class='ocrx_word' id='word_1_127' title='bbox 783 1704 880 1781; x_wconf 92' lang='lat' dir='ltr'><strong>qui</strong></span> <span class='ocrx_word' id='word_1_128' title='bbox 922 1704 1278 1764; x_wconf 81' lang='lat' dir='ltr'><strong>simulatione</strong></span> <span class='ocrx_word' id='word_1_129' title='bbox 1317 1713 1378 1765; x_wconf 91' lang='lat' dir='ltr'><strong>et</strong></span> <span class='ocrx_word' id='word_1_130' title='bbox 1419 1706 1567 1764; x_wconf 84' lang='lat' dir='ltr'><strong>inani</strong></span> <span class='ocrx_word' id='word_1_131' title='bbox 1606 1708 1980 1766; x_wconf 81' lang='lat' dir='ltr'><strong>ostentatione</strong></span> <span class='ocrx_word' id='word_1_132' title='bbox 2019 1714 2078 1765; x_wconf 91' lang='lat' dir='ltr'><strong>et</strong></span> <span class='ocrx_word' id='word_1_133' title='bbox 2115 1708 2255 1765; x_wconf 88' lang='lat' dir='ltr'><strong>ficto</strong></span> <span class='ocrx_word' id='word_1_134' title='bbox 2295 1727 2410 1766; x_wconf 89' lang='lat' dir='ltr'><strong>non</strong></span> 
     </span>
     <span class='ocr_line' id='line_1_16' title="bbox 476 1792 2461 1876; baseline 0.003 -25"><span class='ocrx_word' id='word_1_135' title='bbox 476 1792 649 1852; x_wconf 91' lang='lat' dir='ltr'><strong>modo</strong></span> <span class='ocrx_word' id='word_1_136' title='bbox 676 1812 949 1862; x_wconf 84' lang='lat' dir='ltr'><strong>sermone,</strong></span> <span class='ocrx_word' id='word_1_137' title='bbox 972 1794 1075 1855; x_wconf 90' lang='lat' dir='ltr'><strong>sed</strong></span> <span class='ocrx_word' id='word_1_138' title='bbox 1102 1796 1274 1854; x_wconf 87' lang='lat' dir='ltr'><strong>etiam</strong></span> <span class='ocrx_word' id='word_1_139' title='bbox 1293 1796 1474 1864; x_wconf 85' lang='lat' dir='ltr'><strong>vultu,</strong></span> <span class='ocrx_word' id='word_1_140' title='bbox 1497 1796 1760 1855; x_wconf 84' lang='lat' dir='ltr'><strong>stabilem</strong></span> <span class='ocrx_word' id='word_1_141' title='bbox 1781 1816 1842 1856; x_wconf 90' lang='lat' dir='ltr'><strong>se</strong></span> <span class='ocrx_word' id='word_1_142' title='bbox 1869 1798 2107 1876; x_wconf 84' lang='lat' dir='ltr'><strong>gloriam</strong></span> <span class='ocrx_word' id='word_1_143' title='bbox 2135 1797 2407 1875; x_wconf 76' lang='lat' dir='ltr'><strong>consequi</strong></span> <span class='ocrx_word' id='word_1_144' title='bbox 2460 1840 2461 1843; x_wconf 17' lang='grc' dir='ltr'>η</span> 
     </span>
    </p>

    <p class='ocr_par' dir='ltr' id='par_1_7' title="bbox 376 1885 2461 2144">
     <span class='ocr_line' id='line_1_17' title="bbox 376 1885 2461 1967; baseline 0.001 -25"><span class='ocrx_word' id='word_1_145' title='bbox 376 1888 451 1942; x_wconf 89' lang='grc'><strong>10</strong></span> <span class='ocrx_word' id='word_1_146' title='bbox 477 1902 647 1962; x_wconf 88' lang='lat' dir='ltr'><strong>posse</strong></span> <span class='ocrx_word' id='word_1_147' title='bbox 685 1890 897 1953; x_wconf 87' lang='lat' dir='ltr'><strong>rentur,</strong></span> <span class='ocrx_word' id='word_1_148' title='bbox 928 1885 1296 1944; x_wconf 82' lang='lat' dir='ltr'><strong>vehementer</strong></span> <span class='ocrx_word' id='word_1_149' title='bbox 1333 1892 1540 1945; x_wconf 80' lang='lat' dir='ltr'><strong>errant.</strong></span> <span class='ocrx_word' id='word_1_150' title='bbox 1622 1887 1778 1945; x_wconf 82' lang='lat' dir='ltr'><strong>Vera</strong></span> <span class='ocrx_word' id='word_1_151' title='bbox 1813 1887 1991 1966; x_wconf 85' lang='lat' dir='ltr'><strong>gloria</strong></span> <span class='ocrx_word' id='word_1_152' title='bbox 2016 1887 2238 1947; x_wconf 80' lang='lat' dir='ltr'><strong>radices</strong></span> <span class='ocrx_word' id='word_1_153' title='bbox 2265 1888 2405 1967; x_wconf 84' lang='lat' dir='ltr'><strong>agit,</strong></span> <span class='ocrx_word' id='word_1_154' title='bbox 2460 1896 2461 1919; x_wconf 67' lang='lat'><em>³</em></span> 
     </span>
     <span class='ocr_line' id='line_1_18' title="bbox 476 1974 2406 2054; baseline 0.002 -23"><span class='ocrx_word' id='word_1_155' title='bbox 476 1980 650 2054; x_wconf 82' lang='lat' dir='ltr'><strong>atque</strong></span> <span class='ocrx_word' id='word_1_156' title='bbox 676 1974 849 2032; x_wconf 78' lang='lat' dir='ltr'><strong>etiam</strong></span> <span class='ocrx_word' id='word_1_157' title='bbox 884 1982 1273 2053; x_wconf 63' lang='lat' dir='ltr'><strong>propagatum</strong></span> <span class='ocrx_word' id='word_1_158' title='bbox 1317 1976 1450 2034; x_wconf 89' lang='lat' dir='ltr'><strong>ficta</strong></span> <span class='ocrx_word' id='word_1_159' title='bbox 1483 1976 1670 2035; x_wconf 88' lang='lat' dir='ltr'><strong>omnia</strong></span> <span class='ocrx_word' id='word_1_160' title='bbox 1700 1976 1956 2035; x_wconf 78' lang='lat' dir='ltr'><strong>celeriter</strong></span> <span class='ocrx_word' id='word_1_161' title='bbox 1981 1982 2281 2054; x_wconf 77' lang='lat' dir='ltr'><strong>tamquam</strong></span> <span class='ocrx_word' id='word_1_162' title='bbox 2307 1978 2406 2035; x_wconf 89' lang='lat' dir='ltr'><strong>flo-</strong></span> 
     </span>
     <span class='ocr_line' id='line_1_19' title="bbox 478 2063 2461 2144; baseline 0.002 -22"><span class='ocrx_word' id='word_1_163' title='bbox 478 2063 621 2122; x_wconf 84' lang='lat' dir='ltr'><strong>sculi</strong></span> <span class='ocrx_word' id='word_1_164' title='bbox 647 2063 933 2133; x_wconf 89' lang='lat' dir='ltr'><strong>decidunt,</strong></span> <span class='ocrx_word' id='word_1_165' title='bbox 961 2083 1067 2124; x_wconf 88' lang='lat' dir='ltr'><strong>nec</strong></span> <span class='ocrx_word' id='word_1_166' title='bbox 1094 2064 1422 2124; x_wconf 85' lang='lat' dir='ltr'><strong>simulatum</strong></span> <span class='ocrx_word' id='word_1_167' title='bbox 1461 2072 1652 2144; x_wconf 83' lang='lat' dir='ltr'><strong>potest</strong></span> <span class='ocrx_word' id='word_1_168' title='bbox 1679 2066 1982 2144; x_wconf 82' lang='lat' dir='ltr'><strong>quicquam</strong></span> <span class='ocrx_word' id='word_1_169' title='bbox 2021 2086 2146 2125; x_wconf 86' lang='lat' dir='ltr'><strong>esse</strong></span> <span class='ocrx_word' id='word_1_170' title='bbox 2183 2066 2407 2126; x_wconf 86' lang='lat' dir='ltr'><strong>diutur-</strong></span> <span class='ocrx_word' id='word_1_171' title='bbox 2460 2115 2461 2118; x_wconf 15' lang='grc' dir='ltr'>η</span> 
     </span>
    </p>

    <p class='ocr_par' dir='ltr' id='par_1_8' title="bbox 376 2147 2461 2235">
     <span class='ocr_line' id='line_1_20' title="bbox 376 2147 2461 2235; baseline 0.003 -25"><span class='ocrx_word' id='word_1_172' title='bbox 376 2158 443 2211; x_wconf 88' lang='grc'><strong>11</strong></span> <span class='ocrx_word' id='word_1_173' title='bbox 474 2173 630 2213; x_wconf 86' lang='lat' dir='ltr'><strong>num.</strong></span> <span class='ocrx_word' id='word_1_174' title='bbox 698 2155 897 2214; x_wconf 81' lang='lat' dir='ltr'><strong>Testes</strong></span> <span class='ocrx_word' id='word_1_175' title='bbox 924 2161 1057 2212; x_wconf 88' lang='lat' dir='ltr'><strong>sunt</strong></span> <span class='ocrx_word' id='word_1_176' title='bbox 1084 2154 1352 2234; x_wconf 85' lang='lat' dir='ltr'><strong>permulti</strong></span> <span class='ocrx_word' id='word_1_177' title='bbox 1383 2156 1442 2214; x_wconf 92' lang='lat' dir='ltr'><strong>in</strong></span> <span class='ocrx_word' id='word_1_178' title='bbox 1467 2162 1766 2233; x_wconf 87' lang='lat' dir='ltr'><strong>utramque</strong></span> <span class='ocrx_word' id='word_1_179' title='bbox 1793 2163 2048 2235; x_wconf 86' lang='lat' dir='ltr'><strong>partem:</strong></span> <span class='ocrx_word' id='word_1_180' title='bbox 2089 2156 2193 2215; x_wconf 91' lang='lat' dir='ltr'><strong>sed</strong></span> <span class='ocrx_word' id='word_1_181' title='bbox 2220 2157 2404 2216; x_wconf 85' lang='lat' dir='ltr'><strong>brevi-</strong></span> <span class='ocrx_word' id='word_1_182' title='bbox 2460 2147 2461 2188; x_wconf 62' lang='lat'><em>³</em></span> 
     </span>
    </p>

    <p class='ocr_par' dir='ltr' id='par_1_9' title="bbox 376 2244 2461 2590">
     <span class='ocr_line' id='line_1_21' title="bbox 376 2244 2461 2315; baseline 0.002 -14"><span class='ocrx_word' id='word_1_183' title='bbox 376 2249 447 2302; x_wconf 85' lang='lat'><strong>12</strong></span> <span class='ocrx_word' id='word_1_184' title='bbox 475 2245 608 2302; x_wconf 83' lang='lat' dir='ltr'><strong>tatis</strong></span> <span class='ocrx_word' id='word_1_185' title='bbox 634 2247 807 2302; x_wconf 83' lang='lat' dir='ltr'><strong>causa</strong></span> <span class='ocrx_word' id='word_1_186' title='bbox 830 2244 1041 2302; x_wconf 85' lang='lat' dir='ltr'><strong>familia</strong></span> <span class='ocrx_word' id='word_1_187' title='bbox 1068 2244 1316 2303; x_wconf 89' lang='lat' dir='ltr'><strong>contenti</strong></span> <span class='ocrx_word' id='word_1_188' title='bbox 1349 2245 1557 2303; x_wconf 87' lang='lat' dir='ltr'><strong>erimus</strong></span> <span class='ocrx_word' id='word_1_189' title='bbox 1597 2265 1726 2305; x_wconf 87' lang='lat' dir='ltr'><strong>una.</strong></span> <span class='ocrx_word' id='word_1_190' title='bbox 1811 2247 1891 2304; x_wconf 78' lang='lat' dir='ltr'><strong>Ti.</strong></span> <span class='ocrx_word' id='word_1_191' title='bbox 1915 2246 2063 2304; x_wconf 89' lang='lat' dir='ltr'><strong>enim</strong></span> <span class='ocrx_word' id='word_1_192' title='bbox 2085 2247 2400 2315; x_wconf 74' lang='lat' dir='ltr'><strong>GracchuS,</strong></span> <span class='ocrx_word' id='word_1_193' title='bbox 2460 2273 2461 2298; x_wconf 34' lang='grc' dir='ltr'>ἢ</span> 
     </span>
     <span class='ocr_line' id='line_1_22' title="bbox 473 2324 2461 2428; baseline 0.002 -38"><span class='ocrx_word' id='word_1_194' title='bbox 473 2333 541 2391; x_wconf 91' lang='grc' dir='ltr'><strong>Ρ.</strong></span> <span class='ocrx_word' id='word_1_195' title='bbox 570 2333 655 2399; x_wconf 74' lang='lat' dir='ltr'><strong>F„</strong></span> <span class='ocrx_word' id='word_1_196' title='bbox 682 2339 803 2392; x_wconf 85' lang='lat' dir='ltr'><strong>tam</strong></span> <span class='ocrx_word' id='word_1_197' title='bbox 832 2332 931 2390; x_wconf 90' lang='lat' dir='ltr'><strong>diu</strong></span> <span class='ocrx_word' id='word_1_198' title='bbox 954 2333 1296 2403; x_wconf 84' lang='lat' dir='ltr'><strong>laudabitur,</strong></span> <span class='ocrx_word' id='word_1_199' title='bbox 1327 2334 1466 2393; x_wconf 86' lang='lat' dir='ltr'><strong>dum</strong></span> <span class='ocrx_word' id='word_1_200' title='bbox 1501 2335 1772 2393; x_wconf 86' lang='lat' dir='ltr'><strong>memoria</strong></span> <span class='ocrx_word' id='word_1_201' title='bbox 1797 2324 2400 2428; x_wconf 59' lang='lat' dir='ltr'><strong>reminJRomanm-um</strong></span> <span class='ocrx_word' id='word_1_202' title='bbox 2460 2371 2461 2374; x_wconf 61' lang='lat'><em>=</em></span> 
     </span>
     <span class='ocr_line' id='line_1_23' title="bbox 472 2393 2461 2503; baseline 0.003 -25"><span class='ocrx_word' id='word_1_203' title='bbox 472 2420 741 2487; x_wconf 78' lang='lat' dir='ltr'><strong>manebit.</strong></span> <span class='ocrx_word' id='word_1_204' title='bbox 819 2419 907 2478; x_wconf 86' lang='lat' dir='ltr'><strong>At</strong></span> <span class='ocrx_word' id='word_1_205' title='bbox 932 2422 1055 2500; x_wconf 86' lang='lat' dir='ltr'><strong>ejus</strong></span> <span class='ocrx_word' id='word_1_206' title='bbox 1080 2423 1179 2481; x_wconf 87' lang='lat' dir='ltr'><strong>filii</strong></span> <span class='ocrx_word' id='word_1_207' title='bbox 1202 2442 1308 2482; x_wconf 88' lang='lat' dir='ltr'><strong>nec</strong></span> <span class='ocrx_word' id='word_1_208' title='bbox 1338 2424 1448 2483; x_wconf 81' lang='lat' dir='ltr'><strong>vivi</strong></span> <span class='ocrx_word' id='word_1_209' title='bbox 1474 2393 2162 2503; x_wconf 54' lang='lat' dir='ltr'><strong>probabantur’boiiidssef</strong></span> <span class='ocrx_word' id='word_1_210' title='bbox 2171 2425 2402 2484; x_wconf 83' lang='lat' dir='ltr'><strong>&#39;mortui</strong></span> <span class='ocrx_word' id='word_1_211' title='bbox 2460 2449 2461 2468; x_wconf 26' lang='grc' dir='ltr'>ἒ</span> 
     </span>
     <span class='ocr_line' id='line_1_24' title="bbox 464 2503 1523 2590; baseline 0.007 -23"><span class='ocrx_word' id='word_1_212' title='bbox 464 2503 775 2568; x_wconf 76' lang='lat' dir='ltr'><strong>‘numerum</strong></span> <span class='ocrx_word' id='word_1_213' title='bbox 798 2510 1055 2570; x_wconf 87' lang='lat' dir='ltr'><strong>obtinent</strong></span> <span class='ocrx_word' id='word_1_214' title='bbox 1074 2512 1203 2590; x_wconf 87' lang='lat' dir='ltr'><strong>jure</strong></span> <span class='ocrx_word' id='word_1_215' title='bbox 1230 2532 1523 2574; x_wconf 82' lang='lat' dir='ltr'><strong>caesorum.</strong></span> 
     </span>
    </p>
   </div>
   <div class='ocr_carea' id='block_1_5' title="bbox 340 2688 2461 3760">
    <p class='ocr_par' dir='ltr' id='par_1_10' title="bbox 474 2688 2400 2862">
     <span class='ocr_line' id='line_1_25' title="bbox 552 2688 2400 2774; baseline 0.004 -27"><span class='ocrx_word' id='word_1_216' title='bbox 552 2689 720 2748; x_wconf 91' lang='lat' dir='ltr'><strong>XIII.</strong></span> <span class='ocrx_word' id='word_1_217' title='bbox 762 2689 875 2759; x_wconf 82' lang='lat' dir='ltr'><strong>Qui</strong></span> <span class='ocrx_word' id='word_1_218' title='bbox 892 2688 1067 2770; x_wconf 83' lang='lat' dir='ltr'><strong>igitur</strong></span> <span class='ocrx_word' id='word_1_219' title='bbox 1086 2691 1323 2769; x_wconf 82' lang='lat' dir='ltr'><strong>adipisci</strong></span> <span class='ocrx_word' id='word_1_220' title='bbox 1341 2711 1532 2752; x_wconf 80' lang='lat' dir='ltr'><strong>veram</strong></span> <span class='ocrx_word' id='word_1_221' title='bbox 1560 2694 1798 2774; x_wconf 83' lang='lat' dir='ltr'><strong>gloriam</strong></span> <span class='ocrx_word' id='word_1_222' title='bbox 1818 2694 1988 2764; x_wconf 89' lang='lat' dir='ltr'><strong>volet,</strong></span> <span class='ocrx_word' id='word_1_223' title='bbox 2006 2695 2250 2774; x_wconf 82' lang='lat' dir='ltr'><strong>justitiae</strong></span> <span class='ocrx_word' id='word_1_224' title='bbox 2273 2697 2400 2754; x_wconf 88' lang='lat' dir='ltr'><strong>fun-</strong></span> 
     </span>
     <span class='ocr_line' id='line_1_26' title="bbox 474 2779 2398 2862; baseline 0.004 -25"><span class='ocrx_word' id='word_1_225' title='bbox 474 2785 647 2858; x_wconf 85' lang='lat' dir='ltr'><strong>gatur</strong></span> <span class='ocrx_word' id='word_1_226' title='bbox 671 2779 878 2838; x_wconf 84' lang='lat' dir='ltr'><strong>officiis.</strong></span> <span class='ocrx_word' id='word_1_227' title='bbox 960 2781 1047 2837; x_wconf 81' lang='lat' dir='ltr'><strong>Ea</strong></span> <span class='ocrx_word' id='word_1_228' title='bbox 1072 2799 1203 2858; x_wconf 86' lang='lat' dir='ltr'><strong>quae</strong></span> <span class='ocrx_word' id='word_1_229' title='bbox 1231 2789 1437 2852; x_wconf 85' lang='lat' dir='ltr'><strong>essent,</strong></span> <span class='ocrx_word' id='word_1_230' title='bbox 1467 2783 1687 2842; x_wconf 89' lang='lat' dir='ltr'><strong>dictum</strong></span> <span class='ocrx_word' id='word_1_231' title='bbox 1713 2791 1802 2844; x_wconf 88' lang='lat' dir='ltr'><strong>est</strong></span> <span class='ocrx_word' id='word_1_232' title='bbox 1837 2784 1894 2843; x_wconf 91' lang='lat' dir='ltr'><strong>in</strong></span> <span class='ocrx_word' id='word_1_233' title='bbox 1920 2784 2064 2844; x_wconf 93' lang='lat' dir='ltr'><strong>libro</strong></span> <span class='ocrx_word' id='word_1_234' title='bbox 2089 2785 2398 2862; x_wconf 84' lang='lat' dir='ltr'><strong>superiore.</strong></span> 
     </span>
    </p>

    <p class='ocr_par' dir='ltr' id='par_1_11' title="bbox 397 2857 2461 3040">
     <span class='ocr_line' id='line_1_27' title="bbox 397 2857 2461 2947; baseline 0.002 -19"><span class='ocrx_word' id='word_1_235' title='bbox 397 2857 445 2928; x_wconf 81' lang='lat'><strong>&#39;2</strong></span> <span class='ocrx_word' id='word_1_236' title='bbox 476 2869 610 2939; x_wconf 85' lang='lat' dir='ltr'><strong>Sed,</strong></span> <span class='ocrx_word' id='word_1_237' title='bbox 638 2874 706 2927; x_wconf 86' lang='lat' dir='ltr'><strong>ut</strong></span> <span class='ocrx_word' id='word_1_238' title='bbox 731 2868 1009 2938; x_wconf 85' lang='lat' dir='ltr'><strong>facillime,</strong></span> <span class='ocrx_word' id='word_1_239' title='bbox 1030 2869 1227 2947; x_wconf 81' lang='lat' dir='ltr'><strong>quales</strong></span> <span class='ocrx_word' id='word_1_240' title='bbox 1255 2871 1448 2941; x_wconf 88' lang='lat' dir='ltr'><strong>simus,</strong></span> <span class='ocrx_word' id='word_1_241' title='bbox 1469 2873 1614 2932; x_wconf 87' lang='lat' dir='ltr'><strong>tales</strong></span> <span class='ocrx_word' id='word_1_242' title='bbox 1641 2893 1767 2932; x_wconf 89' lang='lat' dir='ltr'><strong>esse</strong></span> <span class='ocrx_word' id='word_1_243' title='bbox 1785 2874 2095 2943; x_wconf 86' lang='lat' dir='ltr'><strong>videamur,</strong></span> <span class='ocrx_word' id='word_1_244' title='bbox 2117 2875 2226 2933; x_wconf 88' lang='lat' dir='ltr'><strong>etsi</strong></span> <span class='ocrx_word' id='word_1_245' title='bbox 2252 2875 2314 2932; x_wconf 90' lang='lat' dir='ltr'><strong>in</strong></span> <span class='ocrx_word' id='word_1_246' title='bbox 2333 2894 2401 2933; x_wconf 92' lang='lat' dir='ltr'><strong>eo</strong></span> <span class='ocrx_word' id='word_1_247' title='bbox 2460 2881 2461 2886; x_wconf 76' lang='grc'>’</span> 
     </span>
     <span class='ocr_line' id='line_1_28' title="bbox 470 2959 2400 3040; baseline 0.002 -22"><span class='ocrx_word' id='word_1_248' title='bbox 470 2959 597 3038; x_wconf 88' lang='lat' dir='ltr'><strong>ipso</strong></span> <span class='ocrx_word' id='word_1_249' title='bbox 621 2959 707 3018; x_wconf 83' lang='lat' dir='ltr'><strong>vis</strong></span> <span class='ocrx_word' id='word_1_250' title='bbox 747 2959 993 3029; x_wconf 83' lang='lat' dir='ltr'><strong>maxima</strong></span> <span class='ocrx_word' id='word_1_251' title='bbox 1026 2967 1131 3028; x_wconf 87' lang='lat' dir='ltr'><strong>est,</strong></span> <span class='ocrx_word' id='word_1_252' title='bbox 1160 2966 1229 3018; x_wconf 86' lang='lat' dir='ltr'><strong>ut</strong></span> <span class='ocrx_word' id='word_1_253' title='bbox 1271 2961 1446 3020; x_wconf 87' lang='lat' dir='ltr'><strong>simus</strong></span> <span class='ocrx_word' id='word_1_254' title='bbox 1479 2962 1533 3030; x_wconf 91' lang='lat' dir='ltr'><strong>ii,</strong></span> <span class='ocrx_word' id='word_1_255' title='bbox 1563 2963 1661 3040; x_wconf 87' lang='lat' dir='ltr'><strong>qui</strong></span> <span class='ocrx_word' id='word_1_256' title='bbox 1699 2963 1896 3022; x_wconf 87' lang='lat' dir='ltr'><strong>haberi</strong></span> <span class='ocrx_word' id='word_1_257' title='bbox 1920 2963 2176 3032; x_wconf 84' lang='lat' dir='ltr'><strong>velimus,</strong></span> <span class='ocrx_word' id='word_1_258' title='bbox 2205 2971 2400 3024; x_wconf 88' lang='lat' dir='ltr'><strong>tamen</strong></span> 
     </span>
    </p>

    <p class='ocr_par' dir='ltr' id='par_1_12' title="bbox 408 3049 2400 3312">
     <span class='ocr_line' id='line_1_29' title="bbox 408 3049 2400 3131; baseline 0.003 -23"><span class='ocrx_word' id='word_1_259' title='bbox 408 3057 443 3108; x_wconf 88' lang='lat'><strong>3</strong></span> <span class='ocrx_word' id='word_1_260' title='bbox 472 3050 741 3128; x_wconf 85' lang='lat' dir='ltr'><strong>quaedam</strong></span> <span class='ocrx_word' id='word_1_261' title='bbox 784 3057 1078 3128; x_wconf 74' lang='lat' dir='ltr'><strong>praecepta</strong></span> <span class='ocrx_word' id='word_1_262' title='bbox 1124 3049 1317 3109; x_wconf 84' lang='lat' dir='ltr'><strong>danda</strong></span> <span class='ocrx_word' id='word_1_263' title='bbox 1361 3057 1510 3111; x_wconf 86' lang='lat' dir='ltr'><strong>sunt.</strong></span> <span class='ocrx_word' id='word_1_264' title='bbox 1593 3052 1746 3111; x_wconf 83' lang='lat' dir='ltr'><strong>Nam</strong></span> <span class='ocrx_word' id='word_1_265' title='bbox 1787 3053 1836 3112; x_wconf 91' lang='lat' dir='ltr'><strong>si</strong></span> <span class='ocrx_word' id='word_1_266' title='bbox 1882 3053 2008 3131; x_wconf 89' lang='lat' dir='ltr'><strong>quis</strong></span> <span class='ocrx_word' id='word_1_267' title='bbox 2056 3055 2130 3113; x_wconf 90' lang='lat' dir='ltr'><strong>ab</strong></span> <span class='ocrx_word' id='word_1_268' title='bbox 2169 3054 2400 3114; x_wconf 79' lang='lat' dir='ltr'><strong>ineunte</strong></span> 
     </span>
     <span class='ocr_line' id='line_1_30' title="bbox 474 3139 2400 3222; baseline 0.003 -25"><span class='ocrx_word' id='word_1_269' title='bbox 474 3144 645 3197; x_wconf 81' lang='lat' dir='ltr'><strong>aetate</strong></span> <span class='ocrx_word' id='word_1_270' title='bbox 672 3139 847 3197; x_wconf 87' lang='lat' dir='ltr'><strong>habet</strong></span> <span class='ocrx_word' id='word_1_271' title='bbox 868 3157 1098 3197; x_wconf 87' lang='lat' dir='ltr'><strong>causam</strong></span> <span class='ocrx_word' id='word_1_272' title='bbox 1120 3140 1462 3200; x_wconf 85' lang='lat' dir='ltr'><strong>celebritatis</strong></span> <span class='ocrx_word' id='word_1_273' title='bbox 1488 3149 1548 3200; x_wconf 90' lang='lat' dir='ltr'><strong>et</strong></span> <span class='ocrx_word' id='word_1_274' title='bbox 1573 3143 1829 3212; x_wconf 73' lang='lat' dir='ltr'><strong>nominiS,</strong></span> <span class='ocrx_word' id='word_1_275' title='bbox 1858 3150 1958 3201; x_wconf 82' lang='lat' dir='ltr'><strong>aut</strong></span> <span class='ocrx_word' id='word_1_276' title='bbox 1983 3163 2020 3200; x_wconf 89' lang='lat' dir='ltr'><strong>a</strong></span> <span class='ocrx_word' id='word_1_277' title='bbox 2045 3149 2210 3222; x_wconf 84' lang='lat' dir='ltr'><strong>patre</strong></span> <span class='ocrx_word' id='word_1_278' title='bbox 2237 3163 2400 3202; x_wconf 85' lang='lat' dir='ltr'><strong>acee-</strong></span> 
     </span>
     <span class='ocr_line' id='line_1_31' title="bbox 473 3222 2400 3312; baseline 0.005 -30"><span class='ocrx_word' id='word_1_279' title='bbox 473 3232 634 3303; x_wconf 85' lang='lat' dir='ltr'><strong>ptam</strong></span> <span class='ocrx_word' id='word_1_280' title='bbox 653 3222 832 3304; x_wconf 86' lang='lat' dir='ltr'><strong>(quod</strong></span> <span class='ocrx_word' id='word_1_281' title='bbox 848 3227 968 3296; x_wconf 91' lang='lat' dir='ltr'><strong>tibi,</strong></span> <span class='ocrx_word' id='word_1_282' title='bbox 990 3228 1069 3286; x_wconf 91' lang='lat' dir='ltr'><strong>mi</strong></span> <span class='ocrx_word' id='word_1_283' title='bbox 1090 3228 1304 3298; x_wconf 80' lang='lat' dir='ltr'><strong>Cicero,</strong></span> <span class='ocrx_word' id='word_1_284' title='bbox 1323 3230 1564 3290; x_wconf 88' lang='lat' dir='ltr'><strong>arbitror</strong></span> <span class='ocrx_word' id='word_1_285' title='bbox 1583 3230 1909 3312; x_wconf 86' lang='lat' dir='ltr'><strong>contigisse)</strong></span> <span class='ocrx_word' id='word_1_286' title='bbox 1931 3239 2033 3290; x_wconf 88' lang='lat' dir='ltr'><strong>aut</strong></span> <span class='ocrx_word' id='word_1_287' title='bbox 2051 3233 2242 3311; x_wconf 80' lang='lat' dir='ltr'><strong>aliquo</strong></span> <span class='ocrx_word' id='word_1_288' title='bbox 2263 3253 2400 3292; x_wconf 85' lang='lat' dir='ltr'><strong>casu</strong></span> 
     </span>
    </p>

    <p class='ocr_par' dir='ltr' id='par_1_13' title="bbox 340 3315 2399 3491">
     <span class='ocr_line' id='line_1_32' title="bbox 340 3315 2399 3402; baseline 0.007 -32"><span class='ocrx_word' id='word_1_289' title='bbox 340 3354 361 3370; x_wconf 86' lang='lat'>.</span> <span class='ocrx_word' id='word_1_290' title='bbox 472 3322 647 3392; x_wconf 86' lang='lat' dir='ltr'><strong>atque</strong></span> <span class='ocrx_word' id='word_1_291' title='bbox 684 3315 949 3375; x_wconf 85' lang='lat' dir='ltr'><strong>fortuna:</strong></span> <span class='ocrx_word' id='word_1_292' title='bbox 989 3317 1048 3374; x_wconf 90' lang='lat' dir='ltr'><strong>in</strong></span> <span class='ocrx_word' id='word_1_293' title='bbox 1082 3318 1234 3380; x_wconf 88' lang='lat' dir='ltr'><strong>hunc</strong></span> <span class='ocrx_word' id='word_1_294' title='bbox 1273 3319 1421 3378; x_wconf 83' lang='lat' dir='ltr'><strong>oculi</strong></span> <span class='ocrx_word' id='word_1_295' title='bbox 1445 3320 1697 3380; x_wconf 89' lang='lat' dir='ltr'><strong>omnium</strong></span> <span class='ocrx_word' id='word_1_296' title='bbox 1723 3322 2112 3401; x_wconf 87' lang='lat' dir='ltr'><strong>conjiciuntur,</strong></span> <span class='ocrx_word' id='word_1_297' title='bbox 2141 3330 2318 3402; x_wconf 85' lang='lat' dir='ltr'><strong>atque</strong></span> <span class='ocrx_word' id='word_1_298' title='bbox 2343 3323 2399 3384; x_wconf 84' lang='lat' dir='ltr'><strong>in</strong></span> 
     </span>
     <span class='ocr_line' id='line_1_33' title="bbox 473 3402 2398 3491; baseline 0.006 -31"><span class='ocrx_word' id='word_1_299' title='bbox 473 3421 621 3471; x_wconf 91' lang='lat' dir='ltr'><strong>eum,</strong></span> <span class='ocrx_word' id='word_1_300' title='bbox 645 3402 782 3480; x_wconf 91' lang='lat' dir='ltr'><strong>quid</strong></span> <span class='ocrx_word' id='word_1_301' title='bbox 798 3411 952 3482; x_wconf 80' lang='lat' dir='ltr'><strong>agat,</strong></span> <span class='ocrx_word' id='word_1_302' title='bbox 974 3407 1460 3483; x_wconf 85' lang='lat' dir='ltr'><strong>quemadmodum</strong></span> <span class='ocrx_word' id='word_1_303' title='bbox 1479 3410 1647 3478; x_wconf 79' lang='lat' dir='ltr'><strong>vivat,</strong></span> <span class='ocrx_word' id='word_1_304' title='bbox 1669 3411 1966 3488; x_wconf 86' lang='lat' dir='ltr'><strong>inquiritur</strong></span> <span class='ocrx_word' id='word_1_305' title='bbox 1982 3431 2002 3478; x_wconf 70' lang='grc' dir='ltr'><strong>τ,</strong></span> <span class='ocrx_word' id='word_1_306' title='bbox 2025 3420 2085 3470; x_wconf 89' lang='lat' dir='ltr'><strong>et</strong></span> <span class='ocrx_word' id='word_1_307' title='bbox 2103 3419 2398 3491; x_wconf 85' lang='lat' dir='ltr'><strong>tamquam</strong></span> 
     </span>
    </p>

    <p class='ocr_par' dir='ltr' id='par_1_14' title="bbox 408 3491 2398 3760">
     <span class='ocr_line' id='line_1_34' title="bbox 434 3491 2398 3580; baseline 0.006 -30"><span class='ocrx_word' id='word_1_308' title='bbox 434 3563 437 3566; x_wconf 8' lang='grc' dir='ltr'><strong><em>ἢ</em></strong></span> <span class='ocrx_word' id='word_1_309' title='bbox 472 3491 531 3550; x_wconf 90' lang='lat' dir='ltr'><strong>in</strong></span> <span class='ocrx_word' id='word_1_310' title='bbox 556 3492 861 3550; x_wconf 84' lang='lat' dir='ltr'><strong>clarissima</strong></span> <span class='ocrx_word' id='word_1_311' title='bbox 899 3492 1026 3551; x_wconf 86' lang='lat' dir='ltr'><strong>luce</strong></span> <span class='ocrx_word' id='word_1_312' title='bbox 1053 3503 1327 3568; x_wconf 83' lang='lat' dir='ltr'><strong>versetur,</strong></span> <span class='ocrx_word' id='word_1_313' title='bbox 1357 3498 1438 3554; x_wconf 87' lang='lat' dir='ltr'><strong>ita</strong></span> <span class='ocrx_word' id='word_1_314' title='bbox 1471 3498 1692 3560; x_wconf 88' lang='lat' dir='ltr'><strong>nullum</strong></span> <span class='ocrx_word' id='word_1_315' title='bbox 1729 3501 2036 3560; x_wconf 80' lang='lat' dir='ltr'><strong>obscurum</strong></span> <span class='ocrx_word' id='word_1_316' title='bbox 2073 3507 2268 3580; x_wconf 85' lang='lat' dir='ltr'><strong>potest</strong></span> <span class='ocrx_word' id='word_1_317' title='bbox 2294 3523 2398 3562; x_wconf 88' lang='lat' dir='ltr'><strong>nec</strong></span> 
     </span>
     <span class='ocr_line' id='line_1_35' title="bbox 408 3581 2397 3669; baseline 0.006 -29"><span class='ocrx_word' id='word_1_318' title='bbox 408 3585 447 3640; x_wconf 82' lang='lat'>4</span> <span class='ocrx_word' id='word_1_319' title='bbox 474 3581 691 3640; x_wconf 85' lang='lat' dir='ltr'><strong>dietum</strong></span> <span class='ocrx_word' id='word_1_320' title='bbox 732 3581 857 3658; x_wconf 89' lang='lat' dir='ltr'><strong>ejus</strong></span> <span class='ocrx_word' id='word_1_321' title='bbox 900 3601 1025 3640; x_wconf 90' lang='lat' dir='ltr'><strong>esse</strong></span> <span class='ocrx_word' id='word_1_322' title='bbox 1064 3602 1167 3641; x_wconf 89' lang='lat' dir='ltr'><strong>nec</strong></span> <span class='ocrx_word' id='word_1_323' title='bbox 1209 3585 1444 3646; x_wconf 82' lang='lat' dir='ltr'><strong>factum.</strong></span> <span class='ocrx_word' id='word_1_324' title='bbox 1525 3588 1782 3657; x_wconf 81' lang='lat' dir='ltr'><strong>Quorum</strong></span> <span class='ocrx_word' id='word_1_325' title='bbox 1809 3597 2003 3648; x_wconf 91' lang='lat' dir='ltr'><strong>autem</strong></span> <span class='ocrx_word' id='word_1_326' title='bbox 2039 3593 2226 3669; x_wconf 86' lang='lat' dir='ltr'><strong>prima</strong></span> <span class='ocrx_word' id='word_1_327' title='bbox 2253 3601 2397 3652; x_wconf 82' lang='lat' dir='ltr'><strong>aetas</strong></span> 
     </span>
     <span class='ocr_line' id='line_1_36' title="bbox 475 3672 2395 3760; baseline 0.008 -32"><span class='ocrx_word' id='word_1_328' title='bbox 475 3678 713 3752; x_wconf 86' lang='lat' dir='ltr'><strong>propter</strong></span> <span class='ocrx_word' id='word_1_329' title='bbox 738 3672 1117 3732; x_wconf 88' lang='lat' dir='ltr'><strong>humilitatem</strong></span> <span class='ocrx_word' id='word_1_330' title='bbox 1138 3680 1197 3731; x_wconf 90' lang='lat' dir='ltr'><strong>et</strong></span> <span class='ocrx_word' id='word_1_331' title='bbox 1222 3676 1625 3736; x_wconf 87' lang='lat' dir='ltr'><strong>obscuritatem</strong></span> <span class='ocrx_word' id='word_1_332' title='bbox 1650 3677 1708 3737; x_wconf 89' lang='lat' dir='ltr'><strong>in</strong></span> <span class='ocrx_word' id='word_1_333' title='bbox 1733 3679 2026 3740; x_wconf 88' lang='lat' dir='ltr'><strong>hominum</strong></span> <span class='ocrx_word' id='word_1_334' title='bbox 2043 3681 2395 3760; x_wconf 82' lang='lat' dir='ltr'><strong>ignoratione</strong></span> 
     </span>
    </p>
   </div>
   <div class='ocr_carea' id='block_1_6' title="bbox 2458 1614 2464 2146">
    <p class='ocr_par' dir='ltr' id='par_1_15' title="bbox 2458 1614 2464 2146">
     <span class='ocr_line' id='line_1_37' title="bbox 2458 1614 2464 2146; baseline 0 0"><span class='ocrx_word' id='word_1_335' title='bbox 2458 1614 2464 2146; x_wconf 95' lang='lat' dir='ltr'><strong> </strong></span> 
     </span>
    </p>
   </div>
   <div class='ocr_carea' id='block_1_7' title="bbox 2453 2299 2468 3926">
    <p class='ocr_par' dir='ltr' id='par_1_16' title="bbox 2453 2299 2468 3926">
     <span class='ocr_line' id='line_1_38' title="bbox 2453 2299 2468 3926; baseline 0 0"><span class='ocrx_word' id='word_1_336' title='bbox 2453 2299 2468 3926; x_wconf 95' lang='lat' dir='ltr'><strong> </strong></span> 
     </span>
    </p>
   </div>
  </div>
 </body>
</html>
