2484 4175
929 318 1105 360 mun
1142 317 1231 361 m.
1315 317 1450 360 on.
1492 319 1614 361 xxx.
2175 303 2288 362 107

246 446 361 507 bus
386 446 499 506 hoe
525 445 654 506 loeo
678 445 1073 506 disserendum
1098 455 1222 508 est:
1265 446 1366 526 qui
1387 465 1506 508 non
1529 447 1718 508 verbis
1743 455 1880 508 sunt
1901 455 1966 508 et
1987 447 2186 527 dispu-

248 537 463 596 tatione
491 537 981 616 philosophorum,
1008 537 1113 598 sed
1138 538 1336 598 vinclis
1359 545 1422 598 et
1447 557 1674 598 earoere
1697 538 1992 618 fatigandi.
2063 539 2184 600 Sed

246 628 377 686 haeo
404 628 843 696 consideremus,
866 647 997 705 quae
1022 627 1241 688 faciunt
1257 627 1312 697 ii,
1334 629 1434 706 qui
1459 628 1744 688 habentur
1769 630 1918 690 boni.
1989 629 2057 690 L.
2075 630 2182 688 Mi·
2211 636 2248 690 8

246 717 397 776 nuoii
422 717 611 786 Basili,
640 716 941 796 locupletis
970 718 1231 787 hominis,
1258 718 1468 778 falsum
1505 725 1912 779 testamentum
1949 720 2184 798 quidam

249 827 281 868 e
312 807 535 866 Graeoia
559 809 803 868 Romam
830 807 1162 869 attulerunt.
1243 807 1416 878 Quod
1441 827 1560 886 quo
1583 809 1804 868 facilius
1843 810 2181 880 obtinerent,
2211 815 2247 870 4

166 915 171 918 ·
244 898 594 977 scripserunt
636 897 879 958 heredes
920 917 1116 958 seeum
1160 896 1240 956 M.
1275 899 1549 958 Crassum
1589 905 1652 958 et
1689 899 1760 969 Q.
1791 898 2180 968 Hortensium,

244 989 505 1049 homines
524 987 785 1066 ejusdem
806 988 991 1048 aetatis
1018 987 1440 1067 potentissimos
1462 1007 1476 1046 t
1518 987 1634 1066 qui,
1657 1007 1792 1048 oum
1807 989 1950 1048 illud
1969 989 2181 1049 falsum

242 1097 371 1138 esse
400 1078 841 1156 suspioarentur,
870 1078 977 1138 sibi
1014 1085 1209 1137 autem
1250 1078 1461 1138 nullius
1502 1084 1694 1137 essent
1735 1079 1944 1138 consoii
1969 1080 2181 1157 eulpoe,

242 1169 411 1228 alieni
434 1167 697 1228 facinoris
716 1167 1120 1228 munusculum
1146 1187 1262 1226 non
1287 1167 1747 1246 repudiaverunt,
1817 1168 1971 1238 Quid
1997 1187 2136 1248 ergo
2153 1170 2182 1229 ‘2
2211 1177 2248 1231 ὅ

242 1258 412 1318 satin'
434 1265 527 1318 est
550 1258 679 1327 hoo,
694 1264 761 1318 ut
785 1276 901 1318 non
926 1257 1229 1336 deliquisse
1249 1257 1593 1318 videantur?
1662 1257 1804 1316 Mihi
1819 1258 2051 1336 quidem
2069 1277 2186 1318 non

242 1349 507 1408 videtur:
549 1365 897 1426 quamquam
934 1347 1177 1408 alterum
1203 1347 1398 1408 vivum
1439 1347 1642 1417 amavi,
1673 1348 1920 1407 alterum
1943 1367 2062 1408 non
2085 1348 2186 1410 odi

242 1445 553 1498 mortuum.
634 1437 757 1496 Sed
794 1457 927 1498 eum
954 1438 1179 1498 Basilus
1206 1436 1289 1497 M.
1317 1437 1588 1506 Satrium,
1625 1437 1832 1498 sororis
1857 1438 2053 1508 filium,
2080 1457 2182 1498 no·
2211 1444 2250 1500 6

242 1548 380 1588 men
418 1547 589 1588 suum
626 1528 773 1586 ferre
814 1527 1104 1596 voluisset,
1132 1546 1382 1605 eumque
1425 1528 1658 1588 fecisset
1698 1529 1972 1588 heredem
2003 1527 2183 1610 (huno

244 1619 375 1678 dioo
401 1625 707 1696 patronum
740 1617 869 1696 agri
892 1617 1087 1676 Piceni
1124 1623 1187 1676 et
1226 1617 1456 1678 Sabini:
1499 1637 1536 1677 o
1559 1624 1792 1698 turpem
1816 1626 2014 1679 notam
2039 1626 2186 1680 tem-

244 1727 453 1788 porum
470 1709 697 1768 illorum
712 1707 753 1786 1)
774 1727 913 1768 num
932 1713 1057 1766 erat
1076 1725 1324 1785 oequum,
1344 1707 1628 1787 prinsipes
1645 1708 1784 1768 civis
1799 1727 1926 1769 rem
1945 1708 2180 1780 habere,

242 1799 321 1858 ad
354 1799 605 1858 Satrium
632 1798 770 1858 nihil
801 1804 1015 1876 praeter
1031 1815 1241 1856 nomen
1261 1798 1554 1877 pervenire
1572 1799 1601 1858 ‘2
1682 1798 1910 1858 Etenim
1931 1799 1979 1858 si
1997 1799 2064 1868 is,
2085 1798 2186 1877 qui
2213 1797 2250 1859 Ἰ

240 1909 359 1948 non
388 1888 645 1948 defendit
680 1887 959 1966 injuriam,
988 1905 1174 1965 neque
1215 1888 1533 1966 propulsat,
1563 1907 1698 1948 oum
1733 1894 1944 1966 potest,
1973 1889 2184 1968 injuste

240 1979 396 2049 facit,
424 1985 495 2038 ut
518 1979 578 2037 in
604 1978 789 2057 primo
826 1977 973 2039 libro
1010 1977 1284 2046 disserui;
1325 1977 1508 2054 qualis
1549 1976 1849 2036 habendus
1877 1985 1968 2036 est
1991 1979 2058 2047 is,
2086 1978 2186 2056 qui

238 2089 359 2131 non
402 2069 577 2129 modo
614 2088 731 2129 non
770 2067 1015 2147 repellit,
1044 2067 1149 2127 sed
1174 2067 1350 2128 etiam
1373 2066 1615 2146 adjuvat
1651 2066 1960 2147 injuriam?
2041 2067 2188 2130 Mihi
2212 2073 2250 2131 8

238 2161 477 2239 quidem
524 2159 697 2222 etiam
742 2177 895 2218 verae
940 2157 1288 2217 hereditates
1333 2176 1449 2217 non
1497 2158 1756 2217 honestae
1804 2157 2089 2228 videntur,
2129 2159 2182 2221 si

238 2257 381 2311 sunt
419 2249 713 2309 malitiosis
746 2248 1055 2317 blanditiis,-
1080 2247 1394 2308 officiorum
1429 2267 1546 2307 non
1585 2246 1824 2307 veritate
1863 2250 1968 2309 sed
2009 2249 2184 2309 simu-

239 2341 471 2408 latione,
504 2339 783 2418 quaesitae.
864 2338 1051 2417 Atqui
1085 2338 1145 2397 in
1168 2337 1382 2397 talibus
1419 2339 1594 2397 rebus
1633 2338 1792 2397 aliud
1829 2339 1972 2398 utile
2010 2338 2184 2399 inter-
2212 2344 2250 2399 9

240 2431 405 2500 dum,
432 2430 589 2489 aliud
614 2430 923 2489 honestum
949 2428 1129 2489 videri
1154 2429 1319 2488 solet.
1401 2428 1590 2488 Falso.
1673 2429 1828 2489 Nam
1849 2430 2054 2489 eadem
2073 2430 2184 2489 uti·-

240 2521 438 2589 litatis,
470 2518 605 2598 ‹iuae
632 2519 964 2588 honestatis,
992 2526 1083 2579 est
1108 2518 1326 2598 regula.
1408 2518 1522 2589 Qui
1555 2519 1666 2579 hoe
1705 2539 1821 2579 non
1859 2518 2184 2599 perviderit,
2216 2524 2292 2579 10

242 2612 321 2671 ab
348 2612 461 2669 hoo
478 2610 638 2669 nulla
660 2610 819 2669 fraus
840 2610 1037 2679 aberit,
1054 2610 1281 2669 nullum
1299 2608 1532 2669 facinus.
1603 2608 1698 2669 sio
1719 2609 1870 2670 enim
1891 2609 2183 2689 cogitans:
2216 2614 2288 2669 11

248 2702 377 2761 Est·
400 2702 545 2759 istm
570 2700 794 2777 quidem
832 2700 1135 2769 honestum,
1162 2718 1358 2759 verum
1381 2700 1480 2759 Ιιοσ
1503 2700 1717 2775 &pedit
1732 2718 1760 2773 ,·
1801 2718 1894 2759 res
1921 2718 1958 2757 a
1981 2706 2188 2759 natura

242 2793 549 2871 copulatas
584 2790 823 2851 audebit
868 2810 1059 2851 errore
1102 2790 1405 2860 divellere3
1465 2790 1565 2868 qui
1607 2790 1736 2849 fons
1775 2796 1865 2850 est
1879 2789 2186 2859 fraudium,

240 2880 674 2950 maleficiorum,
701 2880 981 2941 scelerum
1006 2880 1275 2941 omnium.

322 3062 490 3121 XIX.
532 3062 737 3140 Itaque
774 3060 823 3120 si
858 3061 947 3121 vir
979 3060 1165 3121 bonus
1203 3059 1418 3119 habeat
1456 3058 1604 3117 hano
1630 3057 1768 3128 vim,
1795 3063 1882 3128 ut,
1919 3057 1968 3117 si
1995 3056 2188 3138 digitis

244 3152 664 3231 concrepuerit,
706 3150 887 3231 possit
924 3151 985 3211 in
1020 3150 1395 3229 loeupletium
1434 3154 1779 3208 testamenta
1817 3167 2026 3208 nomen
2063 3148 2190 3228 ejus

244 3244 519 3322 irrepere,
548 3243 657 3303 hae
682 3242 743 3301 vi
767 3261 881 3301 non
904 3247 1121 3311 utatur,
1139 3259 1213 3301 ne
1238 3240 1288 3299 si
1313 3241 1677 3318 exploratum
1703 3239 1936 3319 quidem
1959 3239 2190 3309 habeat,

246 3333 309 3393 id
352 3333 581 3393 omnino
615 3333 898 3391 neminem
933 3350 1189 3409 unquam
1214 3330 1654 3409 suspicaturum.
1735 3330 1824 3389 At
1849 3329 2016 3389 dares
2042 3328 2190 3389 hane
2219 3334 2256 3389 2

250 3424 383 3507 vim·
410 3421 491 3483 M.
522 3423 750 3492 Crasso,
777 3429 845 3481 ut
872 3422 1181 3502 digitorum
1221 3420 1584 3499 percussione
1625 3419 1791 3478 heres
1827 3425 2024 3497 posset
2057 3417 2191 3477 sori-

256 3520 394 3592 ptus
432 3532 577 3582 esse,
606 3512 705 3590 qui
742 3532 807 3571 re
831 3531 969 3571 vera
990 3531 1107 3571 non
1142 3518 1294 3571 esset
1332 3511 1540 3579 heres;
1579 3509 1638 3569 in
1665 3510 1806 3577 foro,
1837 3508 2006 3567 erede
2032 3507 2190 3577 mihi,

256 3603 509 3663 saltaret,
588 3600 785 3662 Homo
822 3609 1017 3663 autem
1052 3603 1264 3682 justus,
1293 3600 1454 3680 isque
1495 3618 1670 3678 quem
1709 3599 1982 3658 sentimus
2006 3596 2192 3657 virum
2218 3600 2257 3656 8

264 3692 495 3764 boumn,
512 3692 655 3753 nihil
680 3692 965 3772 cuiquam,
992 3692 1150 3773 quod
1174 3692 1233 3752 in
1259 3710 1324 3751 se
1347 3690 1672 3760 munierat,
1699 3686 1982 3749 detrahet.
2061 3685 2193 3748 Hos
