2484 4175
816 341 988 383 mna
1012 343 1101 384 111.
1182 343 1318 386 car.
1345 343 1550 385 xxxm.
2091 331 2200 390 121

156 491 271 550 que
300 493 338 532 a
358 473 682 533 censoribus
702 473 965 532 omnibus
990 472 1308 552 ignominiis
1334 481 1578 534 notatos.
1663 473 1752 534 Sit
1773 473 1896 553 jam
1921 474 2098 554 hujus
2128 481 2202 538 10

156 565 267 624 loci
292 565 436 624 finis,
502 564 879 642 Perspicuum
919 571 1007 622 est
1032 564 1199 632 enim,
1228 583 1314 634 ea,
1345 585 1476 644 quae
1519 564 1718 624 timido
1759 565 1963 634 anim0,
1992 566 2100 623 hu-

158 656 293 724 mili,
326 655 588 722 demiSSO,
617 655 915 731 fractoque
942 654 1080 712 fiant
1108 653 1306 733 (quale
1331 655 1534 714 fuisset
1559 655 1768 736 Reguli
1794 656 2028 725 factum,
2051 655 2101 716 si

157 754 260 804 aut
288 746 365 804 de
392 745 647 824 captivis,
677 745 833 822 quod
872 744 982 823 ipsi
1008 763 1155 823 opus
1195 764 1322 804 esse
1348 746 1654 815 videretur,
1681 765 1798 805 non
1836 746 1994 825 quod
2019 746 2102 806 rei

159 836 429 915 publicae,
460 835 789 903 censuisset,
818 841 921 893 aut
960 833 1117 893 domi
1158 854 1452 896 remanere
1478 835 1774 917 voluisset)
1803 855 1920 896 non
1973 856 2100 898 esse

158 927 338 996 utilia,
366 927 501 1006 quia
526 925 639 985 sint
664 925 961 1004 flagitiosa,
991 924 1169 994 foeda,
1196 925 1408 1005 turpia.

232 1109 516 1168 XXXIII.
538 1109 743 1166 Restat
762 1112 965 1185 quarta
986 1125 1138 1185 pars,
1159 1125 1294 1186 quoe
1311 1107 1534 1177 decore,
1551 1107 1957 1179 moderatione2
1975 1128 2098 1168 mo-

156 1197 358 1267 destia,
378 1197 739 1266 continentia,
758 1197 1139 1275 temperantia
1154 1197 1490 1258 continetur.
1535 1199 1738 1256 Potest
1753 1199 1928 1277 igitur
1941 1199 2098 1279 quic·
2125 1206 2162 1259 2

155 1307 332 1367 quam
360 1307 485 1348 oese
510 1287 669 1356 utile,
696 1286 853 1366 quod
880 1287 955 1346 sit
980 1285 1115 1346 huic
1140 1287 1342 1345 talium
1369 1287 1645 1346 virtutum
1673 1289 1848 1348 choro
1876 1295 2098 1348 contra-

154 1380 303 1436 rium
320 1379 351 1436 ‘2
418 1377 603 1456 Atqui
627 1378 701 1437 ab
728 1377 1031 1455 Aristippo
1061 1377 1372 1455 Cyrenaici,
1397 1383 1570 1455 atque
1595 1378 1886 1438 Annicerii
1913 1379 2096 1457 philo·
2125 1385 2164 1440 8

156 1468 327 1546 sophi
368 1468 657 1535 nominati,
686 1487 855 1526 omne
881 1467 1095 1526 bonum
1133 1467 1193 1524 in
1217 1467 1515 1546 voluptate
1559 1477 1892 1547 posuerunt,
1920 1470 2098 1528 virtu-

154 1565 389 1638 temque
434 1564 776 1618 censuerunt
817 1557 893 1616 ob
932 1575 1062 1615 eam
1099 1575 1222 1615 rem
1249 1575 1374 1616 esse
1400 1557 1767 1629 laudandam,
1795 1559 1953 1639 quod
1979 1559 2098 1619 effi-

156 1649 309 1708 ciens
338 1656 491 1707 esset
515 1647 844 1726 voluptatis,
873 1647 1081 1727 quibus
1109 1648 1380 1708 obsoletis
1419 1649 1588 1708 floret
1612 1651 1914 1730 Epicurus,
1943 1651 2095 1729 ejus·

154 1739 288 1798 dem
315 1741 437 1798 fere
464 1738 698 1818 adjutor
730 1745 1043 1816 auctorque
1070 1739 1385 1799 sententiae.
1455 1740 1609 1798 Cum
1634 1741 1724 1799 his
1749 1741 1884 1800 viris
1907 1729 2094 1819 equis·
2123 1744 2162 1798 4

153 1849 285 1908 que,
312 1836 383 1888 ut
409 1829 635 1898 dicitur,
664 1829 713 1887 si
736 1829 1097 1887 honestatem
1134 1829 1284 1887 tueri
1309 1847 1378 1888 ac
1403 1830 1646 1888 retinere
1685 1831 1964 1890 sententia
1987 1837 2093 1900 est,

152 1919 567 1978 decertandum
594 1925 698 1978 est.
781 1917 935 1976 Nam
960 1917 1010 1976 si
1034 1937 1149 1976 non
1174 1918 1352 1977 modo
1375 1917 1607 1988 utilitas,
1637 1919 1742 1978 sed
1766 1920 1885 1978 vita
1909 1921 2092 1980 omnis
2121 1929 2160 1982 5

151 2009 341 2078 beata,
373 2009 621 2090 corporis
659 2007 823 2066 firma
854 2007 1256 2068 constitutione
1282 2009 1521 2088 ejusque
1548 2009 1962 2068 constitutionis
1989 2029 2093 2091 spe

152 2100 469 2179 explorata,
510 2106 579 2159 ut
618 2119 653 2158 a
693 2098 1022 2157 Metrodoro
1061 2101 1340 2179 scriptum
1378 2106 1486 2169 est,
1529 2101 1883 2160 continetur:
1937 2108 2094 2161 certe

151 2192 279 2249 haec
306 2191 539 2261 utilitas,
570 2197 632 2249 et
656 2189 890 2269 quidem
916 2208 1159 2259 summa,
1190 2189 1296 2270 (sic
1331 2191 1480 2250 enim
1521 2189 1798 2270 censent,)
1831 2210 1963 2249 cum
1987 2192 2090 2250 ho-

151 2288 379 2341 nestate
400 2280 699 2359 pugnabit.
749 2280 904 2339 Nam
922 2280 1023 2339 ubi
1042 2281 1290 2358 primum
1311 2280 1632 2360 prudentiae
1643 2281 1804 2341 locus
1821 2281 2090 2341 dabitur?
2119 2288 2156 2343 6

153 2372 268 2440 An,
298 2378 368 2429 ut
394 2372 687 2450 conquirat
710 2370 965 2449 undique
1004 2372 1316 2430 suavitates
1333 2372 1361 2430 ‘2
1443 2372 1631 2441 Quam
1669 2372 1840 2431 miser
1865 2372 2090 2433 virtutis
2119 2372 2155 2433 '1

153 2462 485 2530 famulatus,
508 2462 801 2520 servientis
820 2461 1133 2539 voluptati!
1196 2462 1366 2531 Quod
1387 2470 1580 2521 autem
1605 2482 1814 2521 munus
1841 2462 2090 2540 pruden-

153 2552 245 2611 tiae
260 2553 289 2610 ἰ)
352 2552 454 2610 An
479 2550 669 2631 legere
694 2552 1075 2631 intelligenter
1092 2551 1420 2630 voluptates
1436 2553 1464 2611 ‘2
1525 2552 1644 2611 Fac
1669 2552 1810 2611 nihil
1834 2552 1944 2611 isto
1963 2572 2090 2613 esse

145 2642 459 2721 jucundius
483 2659 496 2699 :
539 2641 676 2720 quid
704 2642 939 2721 cogitari
966 2648 1159 2721 potest
1184 2642 1410 2721 turpius
1426 2642 1456 2701 ἱ)
1533 2642 1574 2701 J
1575 2661 1686 2711 am,
1709 2643 1808 2721 qui
1835 2643 2089 2704 dolorem
2117 2650 2154 2703 8

148 2750 444 2791 summum
481 2732 699 2790 malum
726 2731 895 2802 dicat,
924 2732 1085 2812 apud
1112 2752 1246 2791 eum
1271 2749 1444 2811 quem
1482 2732 1660 2791 habet
1697 2733 1890 2792 locum
1929 2733 2090 2793 forti-

149 2822 309 2891 tudo,
340 2841 475 2899 quae
510 2828 597 2879 est
625 2820 886 2880 dolorum
924 2823 1300 2901 laborumque
1339 2823 1684 2900 contemptio
1704 2823 1734 2881 ‘2
1815 2823 2086 2892 Quamvis
2115 2830 2151 2883 9

148 2913 300 2971 enim
325 2911 523 2970 multis
550 2911 688 2969 locis
715 2912 870 2969 dicat
895 2912 1191 2990 Epicurus,
1221 2913 1388 2971 sicuti
1414 2912 1567 2980 dicit,
1596 2912 1733 2969 satis
1759 2910 1984 2970 fortiter
2011 2912 2084 2971 de

148 3002 383 3061 dolore:
424 3007 619 3059 tamen
654 3020 769 3060 non
804 3002 865 3060 id
904 3001 1280 3080 spectandum
1318 3008 1424 3071 est,
1452 3000 1590 3079 quid
1617 3001 1786 3070 dicat,
1815 3001 1919 3060 sed
1945 3002 2084 3080 quid

148 3098 595 3151 consentaneum
622 3092 698 3150 sit
723 3090 775 3151 ei
802 3092 1005 3161 dicere,
1034 3092 1133 3171 qui
1170 3092 1322 3151 bona
1348 3092 1644 3170 voluptate
1679 3092 2082 3163 terminaverit,

146 3183 301 3241 mala
328 3182 565 3241 dolore:
607 3189 691 3252 ut,
722 3183 771 3241 si
809 3183 969 3242 illum
1010 3183 1239 3243 audiam
1275 3182 1350 3241 de
1387 3182 1728 3241 continentia
1763 3189 1826 3241 et
1862 3189 2083 3263 tempe-

144 3272 347 3341 rantis,
378 3272 517 3331 dicit
544 3272 639 3331 ille
664 3273 897 3352 quidem
926 3274 1109 3333 multa
1135 3274 1332 3333 multis
1359 3273 1534 3342 locis;
1577 3272 1680 3331 sed
1708 3292 1860 3351 aqua
1878 3273 2082 3345 hoeret,

145 3368 211 3419 nt
232 3362 412 3420 aiunt.
482 3362 636 3421 Nam
655 3364 754 3441 qui
781 3370 972 3442 potest
992 3364 1425 3442 temperantiam
1444 3363 1678 3423 laudare
1697 3364 1764 3435 is,
1787 3364 1885 3443 qui
1905 3371 2084 3443 ponat
2113 3371 2188 3425 10

146 3470 437 3510 summum
456 3452 671 3511 bonum
696 3453 755 3511 in
773 3454 1071 3531 voluptate
1088 3456 1116 3514 ⁴?
1190 3454 1298 3512 Est
1323 3454 1472 3513 enim
1497 3456 1875 3534 temperantia
1899 3454 2081 3515 libidi-

142 3560 285 3601 num
302 3541 543 3610 inimica,
566 3542 823 3602 libidines
844 3551 1037 3603 autem
1058 3544 1490 3604 consectatrices
1509 3545 1837 3624 voluptatis.
1877 3545 2080 3621 Atque
2111 3550 2140 3603 1
2152 3548 2183 3603 1

142 3630 200 3691 in
236 3632 330 3691 bis
368 3638 565 3691 tamen
602 3632 787 3691 tribus
825 3634 1145 3712 generibus,
1184 3654 1416 3713 quoquo
1453 3636 1630 3693 modo
1669 3640 1926 3713 possunt,
1965 3652 2082 3693 non

142 3720 405 3783 incallide
432 3722 893 3802 tergiversantur.
972 3724 1350 3784 Prudentiam
1371 3725 1760 3794 introducunt,
1787 3722 2078 3783 scientiam
2108 3728 2184 3785 12
