2484 4175
301 286 417 345 118
1155 296 1232 339 na·
1260 295 1519 340 omens

299 437 373 492 12
481 430 636 491 Nam
661 430 804 491 illud
831 430 1080 509 quidem,

690 544 890 619 Neque
915 542 1057 609 dedi,
1089 560 1260 618 neque
1284 540 1358 599 do
1383 540 1606 616 infideli
1632 538 1915 614 cuiquam,

401 652 610 711 idcirco
646 658 801 709 recte
829 670 864 709 a
891 658 1080 729 poeta,
1110 648 1259 728 quia,
1290 668 1420 707 cum
1449 652 1791 705 tractaretur
1816 644 2053 715 AtreuS,
2082 663 2357 725 persona

303 748 377 801 13
408 741 768 801 serviendum
795 740 919 800 fuit.
1003 740 1122 799 Sed
1151 738 1197 797 si
1224 740 1335 797 hoc
1362 737 1468 797 sibi
1494 743 1743 805 sumunt,
1762 735 1975 794 nullam
1996 756 2123 795 esse
2151 736 2357 802 fidem,

402 852 532 911 quae
578 832 790 891 infideli
817 832 953 891 data
993 831 1082 901 sit,
1111 831 1357 899 videant,
1386 848 1459 887 ne
1487 834 1774 907 quaeratur
1811 827 2032 888 latebra
2072 827 2354 906 perjurio·

300 927 373 981 14
402 923 508 980 Est
547 922 646 1002 jus
685 923 856 981 etiam
899 921 1182 990 bellicum,
1233 920 1487 998 fidesque
1522 918 1667 998 juris
1702 918 1934 997 jurandi
1992 936 2146 997 saepe
2192 936 2356 1005 ‘cum

300 1018 372 1073 15
401 1014 567 1071 hoste
595 1013 891 1072 servanda.
974 1011 1143 1082 Quod
1170 1010 1321 1069 enim
1346 1010 1427 1069 ita
1448 1010 1706 1089 juratum
1734 1016 1839 1077 est,
1867 1015 1935 1067 ut
1961 1026 2127 1067 mens
2156 1007 2353 1067 eonci-
2451 1010 2452 1083 j

404 1110 568 1181 peret
595 1102 714 1161 fieri
741 1109 1021 1181 oportere,
1049 1102 1110 1160 id
1137 1100 1482 1161 servandum
1509 1106 1629 1159 est:
1673 1099 1830 1179 quod
1854 1098 2034 1167 aliter,
2062 1098 2123 1156 id
2150 1098 2203 1157 si
2236 1118 2355 1156 non

300 1198 373 1251 16
402 1192 620 1262 feceris,
650 1194 871 1252 nullum
913 1200 1003 1252 est
1045 1192 1377 1271 perjurium.
1460 1190 1563 1258 Ut,
1606 1189 1654 1248 si
1696 1188 2060 1268 praedonibus
2100 1194 2355 1266 pactum

402 1302 508 1361 pro
551 1283 738 1361 capite
777 1283 1024 1361 pretium
1050 1302 1166 1341 non
1189 1280 1467 1349 attuleriS,
1495 1279 1654 1339 nulla
1688 1280 1849 1337 fraus
1876 1286 1983 1347 est,
2010 1298 2083 1337 ne
2112 1278 2161 1337 si
2186 1278 2352 1357 jura—

299 1370 372 1433 17
402 1379 497 1431 tus
525 1373 754 1451 quidem
781 1372 842 1431 id
869 1392 980 1431 non
1007 1372 1225 1431 feceris.
1308 1370 1461 1429 Nam
1490 1370 1679 1450 pirata
1698 1388 1813 1429 non
1840 1376 1931 1429 est
1957 1368 2351 1447 perduellium

400 1481 639 1521 numero
662 1452 945 1532 definitus‘
973 1462 1076 1520 sed
1105 1462 1419 1521 communis
1458 1460 1639 1520 hostis
1680 1460 1952 1519 omnium.
2035 1459 2193 1517 Cum
2234 1460 2352 1519 hoc
2451 1522 2452 1553 ἦ

301 1556 373 1610 18
401 1569 506 1610 nec
532 1552 676 1611 fides
696 1551 872 1611 debet
897 1571 1002 1611 nec
1017 1551 1114 1629 jus
1137 1551 1451 1629 jurandum
1478 1568 1603 1609 esse
1624 1568 1943 1610 commune.
2024 1548 2163 1609 Non
2193 1549 2349 1607 enim

400 1640 610 1699 falsum
653 1641 867 1719 jurare,
898 1641 1210 1744 ‘perjurare
1256 1648 1376 1709 est3
1418 1640 1540 1709 sed,
1586 1640 1743 1718 quod
1788 1660 1881 1699 nx
1920 1657 2169 1699 Arrun
2212 1658 2349 1699 τοι
2451 1652 2452 1689 l

401 1750 432 1789 s
446 1750 484 1787 Ε
502 1750 542 1787 ιτ
559 1751 592 1789 ’.ι’
607 1750 644 1789 n
663 1751 704 1789 N
721 1751 754 1788 'r
771 1750 794 1789 1
812 1748 852 1788 A
889 1730 1114 1810 juraris,
1144 1730 1293 1790 sicut
1332 1730 1519 1790 verbis
1570 1730 1883 1808 concipitur
1922 1748 2081 1789 more
2123 1737 2343 1799 nostro,

299 1824 372 1881 19
402 1820 461 1881 id
487 1840 604 1880 non
628 1821 836 1892 facere,
863 1820 1176 1901 perjurium
1203 1828 1309 1879 ωε
1392 1820 1548 1879 Scite
1575 1820 1725 1879 enim
1751 1819 2089 1898 Euripides:

769 1938 982 1998 Juram·
1009 1939 1225 2013 linqua,
1254 1946 1487 1996 mentem
1512 1935 1825 2013 injuratum
1844 1956 1989 2011 yero.

300 2056 377 2110 20
405 2050 666 2131 Regulus
687 2070 824 2112 vero
851 2070 963 2112 non
990 2050 1190 2110 debuit
1217 2050 1565 2109 conditiones
1593 2049 1997 2128 pactionesque
2024 2048 2267 2109 bellicas
2288 2057 2349 2109 et

297 2147 369 2200 21
399 2143 636 2202 hostiles
677 2144 1014 2221 perturbare
1057 2141 1324 2220 perjurio,
1408 2141 1557 2198 Cum
1594 2141 1757 2218 justo
1797 2141 1945 2198 enim
1986 2147 2046 2198 et
2084 2141 2348 2220 legitimo

400 2232 566 2291 hoste
605 2252 696 2290 res
735 2233 1060 2312 gerebatur,
1091 2231 1369 2290 adversus
1396 2249 1567 2310 quem
1593 2236 1653 2288 et
1678 2236 1868 2289 totum
1903 2229 2001 2308 jus
2038 2230 2253 2300 fetiale,
2286 2238 2347 2290 et

297 2327 372 2379 22
401 2322 584 2380 multa
602 2329 736 2380 sunt
757 2323 890 2400 jura
917 2321 1257 2380 communia.
1341 2320 1510 2391 Quod
1536 2319 1597 2378 ni
1620 2321 1703 2378 ita
1722 2327 1889 2389 esset,
1912 2339 2205 2398 nunquam
2228 2322 2343 2380 cla-

399 2429 494 2470 ros
539 2411 690 2470 viros
735 2417 964 2468 senatus
1011 2411 1236 2471 vinctos
1292 2412 1555 2470 hostibus
1612 2410 1941 2470 dedidisset.
2022 2411 2208 2469 XXX.
2253 2411 2344 2470 At

399 2518 536 2558 vero
561 2500 626 2558 Τ.
656 2498 929 2557 Veturius
957 2506 1016 2558 et
1043 2501 1145 2578 Sp.
1173 2501 1523 2570 Postumius,
1552 2521 1687 2560 cum
1724 2501 1933 2561 iterum
1960 2500 2225 2560 consules
2252 2519 2341 2558 es-

399 2596 544 2658 sent,
573 2589 722 2668 quia,
752 2609 884 2650 cum
910 2590 1060 2648 male
1087 2598 1409 2670 pugnatum
1427 2590 1585 2670 apud
1606 2591 1891 2649 Gaudium
1920 2598 2086 2659 esset,
2104 2589 2340 2670 legioni-

401 2678 510 2738 bus
537 2679 746 2738 nostris
785 2680 896 2740 sub
934 2680 1146 2759 jugum
1184 2681 1385 2750 missis,
1418 2698 1621 2759 pacem
1650 2701 1781 2740 cum
1812 2680 2161 2740 Samnitibus
2186 2681 2340 2740 fece-

399 2775 545 2840 rant,
564 2769 741 2830 dediti
761 2777 896 2830 sunt
913 2771 1034 2830 his:
1073 2769 1299 2850 injussu
1316 2772 1465 2830 enim
1488 2771 1686 2850 populi
1705 2778 2047 2850 senatusque
2068 2771 2337 2830 fecerant.

324 2867 360 2922 2
400 2861 736 2940 Eodemque
763 2868 1022 2940 tempore
1043 2862 1125 2920 Ti.
1147 2861 1463 2930 Numicius,
1488 2863 1557 2930 Q,
1580 2861 1823 2930 Maelius,
1848 2862 1945 2940 qui
1975 2868 2101 2919 tum
2126 2860 2340 2920 tribuni

400 2951 584 3030 plebis
615 2959 803 3020 erant,
833 2952 990 3030 quod
1017 2971 1216 3010 eorum
1254 2953 1593 3010 auctoritate
1637 2971 1752 3030 pax
1794 2958 1919 3010 emt
1956 2952 2128 3020 facta,
2158 2950 2339 3010 dediti
2451 2959 2452 2966 ³

322 3049 357 3100 3
399 3049 552 3110 sunt,
567 3049 636 3102 ut
661 3061 776 3119 pax
799 3042 1141 3100 Samnitium
1167 3041 1581 3120 repudiaretur.
1663 3041 1865 3120 Atque
1891 3042 2067 3120 hujus
2094 3041 2337 3100 deditio-

398 3131 486 3190 nis
527 3132 650 3208 ipse
697 3132 1044 3202 Postumius,
1086 3132 1186 3210 qui
1237 3131 1575 3201 dedebatur,
1616 3151 1817 3190 suasor
1860 3139 1919 3190 et
1966 3137 2167 3190 auctor
2208 3131 2335 3189 fuit.

401 3220 572 3288 Quod
599 3220 754 3279 idem
779 3222 974 3280 multis
1007 3223 1166 3280 annis
1194 3229 1329 3301 post
1350 3221 1417 3281 O.
1447 3222 1763 3291 Mancinus,
1786 3221 1909 3300 qui,
1938 3229 2009 3280 ut
2035 3221 2095 3280 N
2094 3221 2335 3280 umanti-

401 3308 506 3377 nis,
537 3309 878 3386 quibuscum
921 3312 1040 3370 sine
1083 3319 1317 3372 senatus
1362 3313 1703 3372 auctoritate
1745 3313 1936 3371 foedus
1976 3313 2207 3380 fecerat,
2238 3311 2333 3368 de·

327 3425 332 3428 ·
403 3397 653 3466 deretur,
681 3399 1032 3478 rogationem
1073 3402 1252 3461 suasit
1291 3421 1433 3470 eam,
1463 3421 1637 3481 quam
1673 3403 1738 3461 L.
1782 3403 2005 3471 FuriuS,
2038 3402 2097 3460 S.
2127 3401 2337 3460 Atilius

403 3506 476 3546 ex
501 3493 730 3546 senatus
759 3490 1020 3549 consulto
1047 3491 1338 3552 ferebant:
1383 3511 1497 3570 qua
1522 3502 1779 3572 accepta,
1808 3500 1898 3551 est
1936 3492 2198 3551 hostibus
2240 3491 2334 3550 de-

335 3583 375 3638 4
401 3577 574 3638 ditus.
657 3578 965 3637 Honestius
992 3580 1084 3638 hic
1111 3599 1286 3660 quam
1304 3583 1372 3650 Q.
1396 3583 1724 3662 Pompeius,
1744 3599 1875 3661 quo,
1896 3601 2029 3642 cum
2054 3583 2113 3641 in
2140 3582 2335 3640 eadem

337 3675 376 3728 ὕ
403 3685 580 3727 eausa
617 3675 788 3737 esset,
815 3668 1176 3748 deprecante,
1205 3679 1447 3747 accepta
1486 3673 1579 3730 lex
1606 3692 1721 3732 non
1758 3680 1865 3733 est.
1950 3672 2065 3732 Hic
2092 3691 2181 3742 ea,
2209 3689 2333 3752 que
