2484 4175
895 297 1069 340 usna
1094 299 1134 340 1.
1217 297 1352 340 oar.
1382 299 1543 341 xxxx.
2168 283 2239 340 41

193 429 445 508 quidem,
475 427 890 490 severissimum
917 427 1409 507 philosophorum,
1436 430 1513 488 ob
1540 449 1780 509 eamque
1806 449 1929 488 rem
1954 428 2139 508 ipsam

191 539 472 598 magnum
499 526 560 578 et
601 518 817 577 clarum
854 519 1046 578 fuisse.
1128 519 1577 578 Innumerabiles
1618 521 1745 580 aliae
1794 519 2137 579 dissimilitu·
2170 519 2239 581 1’8

193 609 404 760 gisl-{sm
413 615 550 668 sunt
601 615 824 668 naturae
876 627 1232 687 morumque,
1286 608 1481 668 mimm‘
1407 608 1419 622 ⁶
1482 629 1515 669 e
1568 617 1760 669 tamen
1812 610 2137 750 vitupefkan-
2163 629 2176 646 ι
2231 637 2249 649 .
2285 638 2296 648 .
2392 719 2403 735 ,

409 745 422 759 .
1594 735 1615 756 '
2077 734 2107 758 ἰ
2121 745 2145 763 ³·
2196 733 2243 786 s:
2262 763 2288 787 ³,
2330 733 2349 763 f

269 879 491 938 XXXI.
520 877 860 938 Admodum
886 884 1080 936 autem
1105 875 1354 937 tenenda
1380 885 1515 938 sunt
1538 899 1645 938 sua
1666 878 1887 960 cuique,
1914 899 2029 940 non
2058 878 2137 938 vi·

191 967 356 1037 tiosa,
372 969 476 1028 sed
495 975 690 1028 tamen
707 966 953 1048 propria,
973 986 1088 1046 quo
1107 968 1325 1028 facilius
1341 968 1613 1028 decorum
1628 970 1785 1038 illud,
1804 970 1961 1050 quod
1978 989 2134 1049 quae-

167 1051 387 1128 rimus,
415 1059 740 1118 retineatur.
825 1058 922 1117 Sic
963 1058 1114 1116 enim
1154 1063 1245 1117 est
1285 1058 1627 1129 faciendum,
1670 1067 1737 1118 ut
1776 1067 1975 1118 contra
2011 1059 2132 1118 uni-
2162 1066 2199 1118 2

191 1167 420 1207 versam
465 1154 732 1207 naturam
777 1148 922 1206 nihil
971 1147 1401 1217 contendamus,
1443 1165 1513 1207 ea
1552 1156 1745 1208 tamen
1784 1156 2133 1219 conservata,

190 1239 486 1317 propriam
523 1245 790 1298 naturam
829 1257 1177 1317 sequamur;
1217 1245 1304 1307 ut,
1334 1237 1557 1297 etiamsi
1582 1238 1695 1297 sint
1720 1239 1831 1297 alia
1854 1238 2133 1318 graviora,

189 1335 386 1387 tamen
431 1347 537 1386 nos
584 1328 774 1403 studia
815 1335 1012 1401 nostra
1055 1335 1269 1388 nostrae
1309 1333 1534 1388 naturae
1574 1329 1775 1408 regula
1813 1329 2130 1388 metiamur.

189 1418 400 1496 Neque
428 1418 598 1478 enim'
618 1407 821 1477 attinet
842 1411 1080 1476 >⁴naturae
1110 1435 1452 1498 repugnare,
1482 1437 1587 1476 nec
1625 1419 1929 1498 quicquam
1954 1419 2131 1496 sequi,
2161 1425 2198 1478 3

190 1509 350 1586 quod
393 1509 621 1588 assequi
661 1528 778 1568 non
817 1527 1012 1587 queas,
1043 1506 1142 1588 (ex
1180 1527 1297 1585 quo
1335 1507 1521 1588 magis
1560 1509 1819 1588 emergit,
1849 1509 2019 1587 quale
2058 1509 2135 1568 sit

189 1599 468 1658 decorum
519 1598 706 1679 illud,)
755 1599 902 1668 ideo,
950 1599 1084 1677 quia
1129 1599 1269 1656 nihil
1316 1597 1484 1658 decet
1530 1599 1705 1658 invita
1750 1599 2022 1669 Minerva,
2064 1607 2135 1658 ut

189 1689 368 1759 aiunt,
397 1689 460 1748 id
496 1698 601 1759 est,
629 1689 964 1748 adversante
1005 1695 1066 1747 et
1103 1696 1461 1768 repugnante
1498 1695 1719 1749 natura.
1801 1691 2043 1750 Omnino
2082 1689 2133 1748 si
2158 1693 2217 1764 4,
2233 1753 2256 1777 ᾗ

187 1779 499 1858 quicquam
525 1787 615 1838 est
641 1780 929 1848 decorum,
953 1778 1092 1838 nihil
1117 1786 1208 1837 est
1237 1779 1497 1857 profecto
1516 1780 1718 1860 magis,
1736 1799 1909 1858 quam
1936 1784 2130 1859 ae'qua-
2275 1797 2317 1834 Δ

189 1869 384 1928 bilitas
409 1870 689 1930 universae
718 1869 874 1939 vitae,
899 1877 1026 1928 tum
1055 1869 1408 1949 singularum
1435 1870 1757 1938 actionum3
1797 1889 1973 1947 quam
1997 1889 2131 1929 con·

189 1977 422 2019 servare
447 1979 564 2019 non
591 1961 790 2039 possis,
819 1960 866 2019 si
891 1960 1130 2018 aliorum
1154 1966 1417 2018 naturam
1442 1959 1667 2017 imitans
1694 1959 1923 2018 omittas
1948 1968 2127 2018 tuam.

186 2050 278 2110 Ut
323 2049 474 2109 enim
514 2069 772 2110 sermone
813 2069 882 2110 eo
923 2049 1199 2111 debemus
1237 2050 1341 2120 uti,
1370 2049 1469 2129 qui
1506 2055 1675 2107 natus
1716 2055 1805 2107 est
1830 2048 2009 2119 nobis,
2038 2068 2129 2119 ne,
2158 2058 2195 2111 5

187 2148 260 2201 ut
286 2140 541 2219 quidam,
574 2141 780 2201 Groeca
805 2140 982 2200 verba
1007 2141 1356 2200 inculcantes
1391 2139 1523 2219 jure
1562 2139 1779 2217 optimo
1804 2138 2128 2199 rideamur:

188 2231 272 2291 sic
297 2232 358 2290 in
385 2232 636 2290 actiones
674 2250 1013 2309 omnemque
1037 2230 1216 2290 vitam
1256 2230 1474 2289 nullam
1514 2229 1953 2309 discrepantiam
1997 2248 2129 2289 con-

187 2321 341 2381 ferre
361 2322 657 2381 debemus.
719 2321 918 2399 Atque
937 2322 1070 2380 haec
1091 2319 1407 2379 differentia
1426 2325 2005 2403 naturarumsstantam
2028 2320 2129 2380 ha·
2158 2326 2197 2381 6

189 2412 293 2491 bet
320 2412 453 2480 vim,
483 2417 550 2470 ut
574 2427 978 2489 nonnunquam
1017 2418 1265 2469 mortem
1306 2410 1415 2469 sibi
1452 2410 1575 2489 ipse
1616 2402 1961 2470 consciscere
1988 2411 2131 2469 alius

189 2500 422 2571 debeat,
453 2502 599 2560 alius
623 2502 680 2559 in
707 2501 908 2561 eadem
951 2519 1124 2560 causa
1162 2519 1277 2559 non
1320 2500 1547 2560 debeat.
1628 2501 1789 2560 Num
1833 2501 1983 2560 enim
2020 2502 2131 2561 alia
2160 2503 2195 2562 ’1

187 2592 248 2651 in
289 2610 465 2651 causa
503 2592 582 2650 M.
625 2592 772 2651 Cato
808 2591 935 2659 fuit,
975 2590 1086 2649 alia
1126 2590 1316 2659 ceteri,
1344 2591 1443 2669 qui
1481 2610 1545 2649 se
1581 2590 1639 2649 in
1679 2592 1881 2651 Africa
1919 2592 2131 2651 Oaesari

190 2682 552 2741 tradiderunt
568 2682 596 2740 ‘2
675 2681 860 2760 Atqui
901 2681 1104 2739 ceteris
1143 2680 1381 2739 forsitan
1406 2680 1542 2740 vitio
1569 2681 1772 2741 datum
1798 2688 1967 2752 esset,
1994 2683 2044 2741 si
2068 2701 2131 2741 se

189 2772 622 2841 interemissent,
671 2778 975 2850 propterea
1021 2770 1180 2849 quod
1225 2771 1407 2830 lenior
1449 2790 1648 2830 eorum
1688 2772 1807 2830 vita
1845 2778 1905 2830 et
1944 2791 2133 2831 mores

189 2864 422 2923 fuerant
445 2862 758 2921 faciliores:
801 2860 1008 2920 Catoni
1035 2881 1166 2921 cum
1200 2860 1586 2920 incredibilem
1610 2860 1902 2921 tribuisset
1927 2869 2133 2920 natura

190 2953 554 3033 gravitatem,
603 2970 844 3030 eamque
883 2952 1006 3030 ipse
1054 2959 1337 3030 perpetua
1378 2950 1693 3009 constantia
1734 2949 2131 3019 roboravisset,

191 3060 538 3122 semperque
581 3042 639 3100 in
682 3042 976 3120 proposito
1014 3048 1397 3119 susceptoque
1437 3039 1665 3099 consilio
1706 3039 2129 3117 permansisset,

189 3132 550 3193 moriendum
596 3132 806 3210 potius,
853 3150 1025 3210 quam
1076 3131 1301 3210 tyranni
1344 3130 1541 3188 vultus
1593 3128 1951 3209 asp‘ciendus
2003 3132 2197 3228 fiiitd(

193 3225 384 3293 Quam
427 3222 613 3281 multa
655 3240 858 3300 passus
895 3228 986 3281 est
1011 3221 1210 3279 Ulixes
1235 3222 1294 3279 in
1328 3220 1427 3279 illo
1454 3238 1643 3279 errore
1682 3149 1967 3303 diuturno}
1998 3218 2133 3283 cum‘
2161 3231 2197 3285 8

192 3319 252 3372 et
276 3313 608 3371 mulieribus
631 3311 704 3391 (si
731 3312 893 3371 Circe
919 3318 980 3371 et
1008 3310 1263 3390 Calypso
1287 3311 1549 3370 mulieres
1577 3312 1941 3391 appellandae
1970 3319 2131 3393 sunt)

190 3404 503 3471 inserviret,
535 3409 595 3460 et
619 3402 677 3461 in
703 3403 856 3461 omni
895 3421 1154 3461 sermone
1198 3402 1461 3461 omnibus
1504 3402 1789 3462 affabilem
1830 3410 1892 3461 et
1928 3403 2133 3482 jucun·

188 3492 336 3552 dum
362 3512 426 3551 se
453 3510 580 3551 esse
604 3492 779 3552 vellet
797 3493 826 3552 ‘2
888 3492 1060 3550 Domi
1085 3512 1222 3551 vero
1248 3493 1419 3551 etiam
1446 3490 1813 3552 contumelias
1840 3508 2135 3551 servorum

187 3582 642 3661 ancillarumque
682 3583 936 3661 pertulit,
964 3589 1033 3643 ut
1069 3582 1147 3641 ad
1183 3582 1250 3648 id<
1285 3582 1605 3662 aliquando,
1648 3581 1807 3660 quod
1847 3582 2133 3659 cupiebat.

185 3673 430 3735 veniret.
499 3672 590 3734 At
613 3672 789 3753 Ajax,
817 3690 933 3753 quo
957 3671 1146 3733 animo
1171 3656 1435 3742 traditur,
1452 3672 1653 3733 millies
1680 3678 1957 3751 oppetere
1982 3688 2133 3730 mor·
