2484 4175
308 286 385 343 94
1142 300 1219 339 nn
1247 298 1508 341 orn-rens

310 436 385 491 10
412 430 719 500 Phalarim,
766 430 1055 490 crudelem
1100 436 1406 508 tyrannum
1453 436 1512 488 et
1555 447 1855 488 immanem
1899 428 1984 487 vir
2029 428 2234 496 bonus,
2275 444 2349 485 ne

409 521 537 599 ipse
562 521 773 600 frigore
800 521 1145 588 conficiatur,
1174 521 1386 579 vestitu
1413 520 1654 598 spoliare
1683 518 1879 598 possit,
1909 536 2096 576 nonne
2123 518 2304 576 faciat
2320 518 2348 575 ἱ)

310 617 380 670 11
412 610 557 669 Haec
584 611 661 669 ad
682 611 1056 689 judicandum
1082 617 1217 669 sunt
1240 610 1522 668 facillima.
1591 610 1745 667 Nam
1771 609 1820 667 si
1845 608 1986 687 quid
2011 609 2087 666 ab
2114 607 2350 666 homine

410 700 487 759 ad
512 701 728 759 nullam
755 706 977 778 partem
1004 700 1145 768 utili,
1174 700 1434 760 utilitatis
1461 707 1580 759 tuae
1623 718 1796 759 causa
1823 698 2149 766 detraxeris,
2179 698 2349 755 inhu-

408 809 576 850 mane
618 791 817 849 feceris
861 798 1174 868 contraque
1216 797 1438 849 naturae
1483 789 1705 869 legem:
1749 790 1834 848 sin
1860 796 2054 847 autem
2079 789 2126 847 is
2153 795 2228 846 tu
2253 788 2347 855 sis,

408 880 507 959 qui
548 881 790 939 multam
832 881 1135 939 utilitatem
1160 880 1241 938 rei
1268 880 1512 959 publicae
1553 887 1725 958 atque
1750 879 2041 958 hominum
2069 878 2350 945 societati,

408 971 457 1029 si
494 970 553 1029 in
592 970 708 1029 vita
745 988 1053 1039 remaneas,
1082 970 1285 1028 afferre
1324 970 1524 1049 possis,
1555 970 1603 1028 si
1641 970 1780 1047 quid
1819 970 1895 1029 ob
1937 987 2064 1027 eam
2111 986 2352 1027 causam
2449 984 2451 993 ⁴

308 1066 381 1119 12
410 1061 573 1129 alteri
620 1060 948 1129 detraxeris,
990 1080 1103 1119 non
1150 1060 1223 1119 sit
1270 1059 1820 1139 reprehendendum.
1907 1058 2012 1119 Sin
2050 1064 2252 1115 autem
2291 1057 2353 1115 id

408 1170 525 1209 non
548 1150 625 1209 sit
648 1150 775 1233 ejus
803 1149 974 1219 modi,
1004 1168 1173 1208 suum
1215 1149 1418 1227 cuique
1457 1148 1879 1208 incommodum
1916 1146 2220 1207 ferendum
2263 1153 2354 1205 est

308 1247 381 1301 13
412 1241 621 1319 potius,
648 1258 823 1318 quam
850 1240 925 1299 de
951 1239 1181 1299 alterius
1208 1239 1522 1299 commodis
1562 1238 1998 1297 detrahendum.
2080 1237 2222 1296 Non
2248 1237 2352 1316 igi-

412 1338 508 1389 tur
549 1330 733 1409 magis
774 1337 865 1389 est
907 1335 1105 1388 contra
1142 1335 1408 1388 naturam
1431 1328 1667 1387 morbus
1691 1334 1795 1386 aut
1822 1334 2048 1407 egestas
2076 1334 2183 1385 aut
2207 1325 2352 1405 quid

410 1420 533 1498 ejus
554 1419 726 1487 modi,
744 1438 919 1496 quam
940 1419 1219 1477 detractio
1238 1426 1412 1497 atque
1438 1418 1715 1497 appetitio
1735 1418 1928 1476 alieni:
1959 1416 2062 1475 sed
2089 1436 2349 1475 commu-

409 1510 497 1567 nis
522 1509 779 1567 utilitatis
801 1508 1089 1567 derelictio
1128 1515 1328 1568 contra
1366 1516 1631 1567 naturam
1658 1514 1779 1576 est3
1819 1514 1910 1565 est
1935 1507 2086 1565 enim
2111 1506 2347 1585 injusta.

308 1602 383 1657 14
412 1599 617 1675 Itaque
642 1597 736 1656 lex
760 1598 887 1676 ipsa
911 1604 1152 1666 naturae,
1182 1617 1316 1676 quae
1358 1598 1660 1657 utilitatem
1704 1598 1999 1657 hominum
2039 1594 2351 1656 conservat

410 1695 471 1747 et
496 1687 759 1755 continet,
791 1687 1043 1745 decernit
1068 1688 1344 1766 profecte,
1373 1695 1441 1747 ut
1467 1688 1544 1747 ab
1570 1687 1796 1746 homine
1831 1686 1997 1745 inerti
2021 1694 2200 1764 atque
2225 1687 2349 1745 inu-

408 1777 493 1836 tili
519 1777 596 1836 ad
622 1777 953 1855 sapientem,
983 1778 1216 1846 bonum,
1242 1778 1454 1837 fortem
1478 1778 1661 1835 virum
1698 1777 2111 1836 transferantur
2147 1796 2246 1836 res
2274 1774 2352 1835 ad

408 1867 713 1927 vivendum
738 1867 1108 1936 necessariae3
1148 1868 1265 1946 qui,
1293 1868 1343 1926 si
1368 1867 1652 1935 occiderit,
1681 1866 1930 1925 multum
1957 1862 2038 1925 de'
2060 1866 2352 1925 communi

411 1957 655 2017 utilitate
682 1956 1019 2015 detraxerit:
1048 1958 1223 2016 modo
1241 1957 1352 2016 hoc
1371 1957 1454 2016 ita
1469 1957 1658 2024 faciat,
1678 1962 1836 2016 utne
1857 1956 1978 2035 ipse
2007 1956 2081 2014 de
2107 1975 2171 2014 se
2199 1957 2349 2015 bene

410 2048 735 2108 existimans
764 2065 1000 2126 seseque
1028 2046 1268 2128 diligens
1295 2047 1441 2106 hauc
1463 2066 1695 2106 causam
1719 2046 1934 2106 habeat
1959 2046 2037 2105 ad
2061 2046 2347 2126 injuriam.

307 2143 380 2198 15
408 2140 503 2197 Ita
522 2157 747 2217 semper
772 2139 955 2197 officio
980 2138 1272 2217 fungetur,
1289 2137 1516 2196 utilitati
1537 2138 1836 2196 consulens
1863 2136 2174 2205 hominum,
2197 2145 2260 2196 et
2279 2137 2348 2206 ei,
2456 2141 2457 2162 ¹

307 2233 381 2286 16
408 2222 583 2305 quam
622 2247 783 2306 saepe
822 2246 1223 2295 commemoro,
1253 2229 1522 2286 humanae
1553 2227 1821 2287 societati.
1903 2227 2056 2284 Nam
2083 2228 2246 2306 quod
2271 2227 2348 2285 ad

408 2317 699 2376 Phalarim
724 2317 946 2384 attinet,
968 2317 1234 2394 perfacile
1257 2316 1535 2396 judicium
1559 2324 1664 2377 est.
1725 2316 1902 2375 Nulla
1927 2317 2076 2375 enim
2103 2317 2348 2376 societas

307 2406 380 2467 1'1
406 2406 571 2466 nobis
598 2424 729 2464 cum
754 2406 1025 2483 tyrannis,
1044 2413 1103 2465 et
1124 2407 1314 2484 potius
1341 2425 1566 2466 summa
1585 2407 1878 2466 distractio
1897 2413 2018 2464 est:
2037 2406 2237 2484 'neque
2257 2414 2348 2466 est

406 2501 605 2553 contra
642 2501 922 2562 naturam,
952 2496 1195 2574 spoliare
1236 2515 1386 2565 eum,
1415 2496 1464 2555 si
1489 2497 1688 2574 possiS‚
1717 2515 1888 2574 quem
1913 2504 2003 2556 est
2037 2497 2347 2556 honestum

406 2601 637 2642 necare:
679 2589 853 2660 atque
880 2584 991 2642 hoc
1018 2604 1185 2644 omne
1211 2604 1396 2664 genus
1435 2587 1770 2665 pestiferum
1803 2594 1976 2665 atque
2001 2587 2246 2666 impium
2271 2607 2348 2646 ex

306 2679 379 2733 18
404 2672 697 2732 hominum
726 2673 1129 2732 communitate
1148 2675 1636 2734 exterminandum
1663 2682 1768 2735 est.
1833 2676 2058 2734 Etenim
2077 2684 2145 2735 ut
2163 2695 2346 2736 mem-

406 2764 510 2822 bra
528 2763 798 2843 quaedam
824 2771 1211 2842 amputantur,
1230 2765 1280 2824 si
1299 2773 1360 2824 et
1379 2765 1506 2844 ipsa
1531 2765 1804 2844 sanguine
1823 2772 1885 2823 et
1909 2772 2207 2850 tamquam
2229 2767 2344 2846 spi-

405 2853 519 2912 ritu
562 2873 756 2914 carere
800 2860 1116 2932 coeperunt,
1146 2861 1207 2912 et
1245 2862 1454 2914 nocent
1492 2855 1720 2933 reliquis
1760 2855 2022 2934 partibus
2049 2857 2344 2934 corporis:

409 2944 491 3004 sic
518 2944 631 3004 ista
652 2944 709 3004 in
735 2945 919 3024 figura
942 2943 1185 3003 hominis
1223 2944 1419 3003 feritas
1445 2952 1506 3004 et
1529 2945 1847 3004 immanitas
1887 2945 2096 3015 beluae,
2124 2964 2162 3002 a
2189 2965 2343 3005 com-

304 3039 377 3094 19
404 3035 563 3094 muni
587 3041 881 3114 tamquam
908 3033 1273 3092 humanitatis
1301 3053 1536 3113 corpore
1573 3035 1934 3114 segreganda
1959 3041 2062 3093 est.
2146 3036 2344 3114 Hujus

405 3124 627 3201 generis
666 3125 1013 3202 quaestiones
1056 3130 1193 3182 sunt
1232 3143 1429 3198 omnes
1477 3144 1583 3195 eae,
1623 3125 1682 3184 in
1718 3124 1928 3203 quibus
1967 3143 2040 3182 ex
2078 3131 2344 3205 tempore

405 3212 650 3270 officium
678 3214 1009 3291 exquiritur.

456 3389 597 3447 VII.
619 3388 761 3467 Ejus
786 3391 945 3450 modi
966 3392 1139 3470 igitur
1158 3392 1330 3453 credo
1347 3411 1440 3452 res
1458 3393 1776 3453 Panaetium
1797 3400 2233 3473 persecuturum
2251 3395 2340 3453 fu·

403 3478 532 3547 isse,
550 3478 657 3536 nisi
683 3478 853 3556 aliqui
880 3499 1046 3541 casus
1072 3488 1173 3540 aut
1198 3484 1500 3560 occupatio
1521 3484 1813 3542 consilium
1834 3484 1960 3562 ejus
1986 3484 2337 3562 peremisset.

340 3573 377 3630 2
404 3567 507 3627 Ad
526 3586 669 3646 quas
694 3568 847 3646 ipsas
868 3568 1308 3630 consultationes
1327 3591 1400 3630 ex
1419 3574 1802 3650 superioribus
1823 3574 1978 3632 libris
1999 3573 2139 3632 satis
2157 3574 2340 3633 multa

402 3664 697 3738 praecepta
722 3667 873 3728 sunt,
896 3659 1102 3745 quibus
1130 3661 1374 3744 perspici
1401 3663 1598 3740 possit,
1627 3663 1762 3746 quid
1791 3663 1866 3723 sit
1892 3670 2130 3756 propter
2155 3664 2335 3744 turpi·
