2484 4175
994 352 1383 396 oonsrnoms.
2160 343 2199 397 ὅ

414 481 483 541 Β.
511 481 604 542 De
642 499 713 540 ea
755 481 1140 552 beneficentia,
1167 502 1301 562 quae
1342 501 1519 564 opera
1550 483 1651 543 fiat
1690 501 1729 542 a
1754 501 1883 564 cap.
1914 488 2199 564 lo—cap.

492 637 554 720 a)
575 559 918 718 {1²25ngoe
944 640 1232 699 homines:
1276 661 1401 721 cap.
1436 646 1526 700 19.

650 718 750 855 {igi
775 719 848 778 de
875 719 1104 778 delectu
1128 720 1438 790 hominm,
1466 718 1671 798 quibus
1690 719 2041 780 benefacias:
2070 739 2197 800 cap.

492 874 560 957 b)
587 876 644 934 in
669 876 976 946 universos,
998 877 1115 936 sive
1135 875 1210 936 de
1228 876 1616 957 largitionibus
1637 878 1908 957 publicis:
1950 898 2075 960 cap.
2102 885 2197 949 21,

649 954 686 1035 g
717 954 1041 1172 ΙΟῖέιίἒθέἓ
1056 1035 1395 1193 αέεὲἱιιειιῄίο.
1410 1035 1763 1096 adhibenda:
1794 1055 1919 1117 cap.
1946 1043 2040 1107 21,
2060 1035 2099 1117 5
2122 1041 2198 1096 14

727 1191 879 1250 Item
907 1191 998 1252 de·
1002 1193 1224 1271 justitia
1250 1191 1543 1259 servanda,
1572 1210 1643 1251 ne
1668 1191 1767 1252 uni
1792 1191 2011 1272 eripias,
2040 1193 2199 1274 quod

885 1270 1062 1330 dones
1089 1271 1285 1330 alteri:
1327 1289 1395 1330 ca
1440 1315 1453 1328 .
1486 1277 1581 1338 22,
1610 1267 1889 1352 59—24,
1916 1270 1953 1350 5
1983 1272 2037 1332 7.

332 1347 428 1406 De
451 1349 701 1407 aliarum
738 1368 929 1408 rerum
953 1350 1214 1418 utilitate,
1243 1349 1361 1408 sive
1428 1367 1461 1408 e
1486 1349 1821 1410 valetudinis
1846 1358 1907 1411 et
1944 1350 2201 1431 pecunia

493 1446 658 1488 cura:
701 1447 825 1506 cap.
858 1435 952 1497 24,
983 1427 1018 1508 5
1049 1429 1259 1488 8—fin.
1282 1447 1407 1509 cap.

189 1539 300 1599 IV.
337 1537 694 1615 Comparatio
720 1541 1078 1599 utilitatum:
1119 1559 1245 1621 cap.
1278 1547 1371 1602 25.

1013 1733 1230 1784 LIBER
1262 1733 1363 1784 111.

169 1838 528 1898 Prooemium
553 1837 628 1898 de
653 1838 752 1898 otii
776 1837 876 1996 su}
889 1839 1122 1975 rptione,
1151 1847 1212 1899 et
1236 1839 1559 1901 adhortatio
1584 1840 1661 1900 ad
1678 1840 1885 1901 filium:
1928 1861 2057 1920 cap.
2082 1848 2199 1903 1-

611 1938 679 1976 ca
723 1963 734 1976 .
762 1927 816 1987 2,
945 1963 959 1976 .

171 1994 249 2054 V.
272 1996 614 2071 Propo-sitio,
633 1938 846 2056 relstare
867 1997 942 2056 V.
965 1996 1154 2057 locum
1182 1999 1257 2058 de
1278 1999 1633 2057 contentione
1658 1997 1903 2058 Honesti
1928 2004 1989 2058 et
2006 1997 2197 2069 Utilis,

609 2095 780 2155 quem
805 2077 1106 2135 Panaetius
1143 2098 1259 2135 non
1292 2077 1565 2147 tractarit,
1592 2076 1697 2137 sed
1736 2083 1979 2137 tractare
2005 2077 2197 2139 volue-

613 2157 717 2213 rit:
761 2174 883 2234 cap.
918 2163 970 2224 2,
999 2154 1034 2234 5
1065 2156 1274 2215 8—fin.
1304 2174 1430 2234 cap.

251 2232 374 2293 Sed
401 2235 596 2309 qua-ri,
625 2254 764 2292 num
803 2236 982 2313 possit
1025 2235 1181 2293 Utile
1222 2254 1356 2294 cum
1398 2234 1657 2293 Honesto
1684 2240 1916 2305 certare,
1943 2235 2101 2313 quod
2126 2254 2199 2295 ex

266 2331 268 2333 ’
409 2314 557 2371 illius
583 2319 772 2371 mente
798 2320 1042 2392 negatur

334 2397 365 2449 1
426 2400 663 2471 propter
686 2400 949 2449 naturam
976 2398 1036 2449 et
1059 2393 1177 2451 veri
1204 2392 1478 2451 Honesti:
1520 2412 1646 2471 cap.
1678 2400 1732 2461 3,
1761 2390 1797 2473 5
1828 2391 1978 2472 1—5
2008 2399 2062 2454 8.

333 2477 369 2529 2
429 2476 490 2528 et
515 2472 640 2549 ejus
668 2471 924 2539 Honesti,
947 2472 1103 2549 quod
1132 2472 1502 2530 communiter
1527 2472 1867 2550 appellatur,
1887 2473 2100 2553 quippe
2125 2492 2198 2532 ex

487 2549 586 2607 illo
613 2550 968 2608 adumbrati:
1013 2569 1136 2628 cap.
1170 2557 1222 2618 3,
1254 2548 1291 2627 5
1320 2557 1561 2628 9—cap.
1592 2556 1648 2618 4,
1676 2549 1711 2629 5
1740 2557 1796 2610 9.

329 2626 580 2687 Causam
616 2628 781 2696 illius,
821 2648 952 2705 quae
989 2629 1267 2698 videatur,
1302 2630 1689 2697 contentionis,
1727 2648 1851 2688 esse
1890 2628 2197 2690 dubitatio·

446 2778 454 2787 .
488 2725 621 2764 nem
641 2708 713 2765 de
741 2726 826 2775 e0,
857 2707 1010 2786 quod
1036 2708 1339 2783 honestum
1364 2708 1463 2767 sit:
1506 2726 1630 2786 cap.
1661 2706 1775 2787 4,5
1806 2707 1996 2787 10—-5
2028 2715 2119 2768 13.

329 2786 620 2865 Regulam
658 2786 832 2865 igitur
863 2805 1018 2844 esse:
1064 2786 1331 2864 quicquid
1369 2788 1670 2845 honestum
1710 2794 1815 2857 est,
1844 2787 1996 2845 idem
2034 2787 2191 2854 utile,

489 2866 758 3001 ιιθῗὶυῐῦθ
786 2865 1104 2944 quicquam,
1132 2864 1289 2943 quod
1313 2884 1427 2923 non
1445 2867 1776 2925 honestum:
1820 2884 1945 2943 cap.
1976 2870 2032 2935 4,
2054 2864 2091 2945 5
2122 2870 2196 2925 14

487 2974 574 2986 --
611 2964 666 3003 n.
693 2963 761 3001 ca
805 2989 818 3001 .

333 3022 478 3092 Quae
507 2963 816 3081 rationibifs
841 3022 1157 3101 explicatur

407 3127 416 3131 ·
495 3100 558 3177 1)
587 3101 735 3179 quia,
765 3101 812 3159 si
851 3108 1047 3160 contra
1071 3121 1228 3181 agas,
1258 3100 1505 3179 dirumpi
1536 3099 1757 3179 generis
1796 3100 2030 3159 humani
2065 3120 2195 3161 con-

644 3180 992 3257 junctionem
1008 3198 1237 3239 necesse
1258 3180 1344 3248 sit,
1364 3198 1495 3256 quae
1523 3180 1767 3239 maxime
1792 3179 1865 3238 sit
1884 3181 2199 3240 secundum

648 3266 942 3317 naturam:
985 3278 1108 3337 cap.
1141 3268 1194 3318 5.

493 3334 556 3415 2)
585 3337 718 3413 quia¹
743 3338 1052 3396 communis
1079 3338 1328 3395 omnium
1352 3336 1565 3397 utilitas
1592 3338 1695 3398 sit:
1739 3357 1862 3417 cap.
1895 3345 1949 3397 6.

245 3415 424 3475 Redit
463 3416 540 3474 ad
579 3416 924 3485 Panaetium,
967 3417 1066 3493 qui
1103 3416 1182 3475 sic
1219 3436 1343 3475 rem
1382 3418 1759 3495 explicaturus
1796 3417 1981 3484 fuerit,
2010 3422 2199 3475 cetera

409 3514 536 3553 sese
565 3495 700 3553 dicit
726 3497 802 3554 ad
829 3496 1068 3554 eandem
1093 3496 1367 3553 rationem
1394 3498 1781 3575 expleturum:
1827 3514 1950 3573 cap.
1982 3496 2037 3553 ’1.

317 3570 384 3654 1)
415 3574 710 3633 Generalis
756 3574 1032 3632 sententia
1078 3574 1150 3633 de
1196 3576 1453 3643 utilitate,
1494 3594 1625 3653 quae
1685 3592 1810 3632 esse
1860 3592 1975 3631 non
2019 3570 2199 3650 possit

488 3672 625 3711 cum
651 3652 1018 3731 turpitudine,
1047 3653 1265 3713 etiamsi
1294 3672 1365 3713 ea
1398 3655 1595 3733 ignota
1634 3652 1709 3712 sit
1732 3652 2025 3712 omnibus:
2068 3667 2198 3730 cap.

490 3738 528 3791 Β
554 3736 615 3790 et
643 3738 697 3791 9.
1164 3808 1238 3869 1*

1183 3909 1210 3936 δ
