2484 4175
838 324 1014 365 ussa
1039 326 1130 367 111.
1213 325 1351 367 cnr.
1381 326 1544 367 xxrv.
2103 312 2215 367 113

151 454 344 513 orabit
383 460 626 533 patrem,
656 473 732 513 ne
755 454 817 513 id
854 454 1064 524 faciat;
1105 454 1154 515 si
1179 456 1320 515 nihil
1361 454 1637 535 proficiet,
1666 454 1975 523 accusabit,
2004 454 2109 513 mi-

149 544 390 605 nabitur
437 544 640 617 etiam3
697 545 774 604 ad
822 553 1158 614 extremum,
1201 546 1253 604 si
1298 547 1375 604 ad
1421 546 1725 623 perniciem
1774 546 1977 622 patriae
2017 566 2109 603 res

149 636 465 714 spectabit,
509 637 712 715 patriae
750 637 998 694 salutem
1037 643 1349 714 anteponet
1388 637 1557 694 saluti
1597 637 1792 715 patris.
1890 635 2108 706 Quaerit
2137 644 2173 696 9

149 726 348 794 etiam,
378 726 428 784 si
469 727 697 805 sapiens
741 726 1094 786 adulterinos
1137 746 1405 785 nummos
1445 727 1731 805 acceperit
1772 727 2105 805 imprudens

149 835 266 893 pro
307 816 489 886 bonis,
533 836 668 876 cum
705 817 764 875 id
805 817 1074 885 rescierit,
1114 816 1477 875 soluturusne
1518 816 1591 874 sit
1630 836 1747 885 eos,
1788 818 1836 875 si
1876 818 1968 875 cui
2008 818 2107 875 de-

149 907 312 975 beat,
341 926 450 985 pro
477 908 658 967 bonis.
742 906 1032 986 Diogenes
1059 907 1174 965 ait:
1217 906 1529 985 Antipater
1565 917 1755 987 negat,
1786 908 1879 965 cui
1917 908 2109 985 potius

149 997 452 1055 assentior.
517 996 636 1063 Qui
655 996 849 1055 vinum
875 997 1102 1077 fugiens
1122 998 1337 1056 vendat
1364 997 1562 1065 sciens,
1584 997 1869 1056 debeatne
1896 998 2102 1057 dicere.
2139 1002 2215 1056 10

147 1086 292 1143 Non
317 1106 552 1145 necesse
590 1094 762 1167 putat
788 1088 1113 1168 Diogenes:
1159 1088 1471 1167 Antipater
1497 1088 1601 1146 viri
1636 1088 1771 1146 boni
1806 1088 2105 1147 existimat.

147 1175 306 1234 Haec
347 1185 485 1235 sunt
513 1178 676 1255 quasi
716 1185 1081 1237 controversa
1115 1178 1250 1257 jura
1290 1178 1633 1237 Stoicorum.
1718 1178 1787 1235 In
1824 1177 2107 1255 mancipio
2140 1184 2210 1237 11

145 1266 463 1327 vendendo
503 1268 818 1328 dicendane
852 1269 1020 1327 vitia:
1064 1288 1180 1327 non
1219 1284 1305 1337 ea,
1336 1288 1469 1347 quae
1510 1268 1617 1326 nisi
1642 1267 1873 1335 dixeris,
1916 1268 2105 1325 redhi-

147 1357 366 1417 beatur
387 1359 738 1437 mancipium
759 1359 890 1437 jure
913 1358 1094 1428 civili;
1137 1360 1242 1417 sed
1263 1360 1406 1428 haec,
1430 1358 1765 1417 mendacem
1792 1377 1934 1426 esse,
1958 1358 2106 1416 alea-

145 1454 362 1516 torem,
405 1448 681 1518 furacem,
723 1449 1028 1508 ebriosum.
1108 1449 1299 1508 Alteri
1338 1450 1581 1509 dicenda
1620 1449 1902 1517 videntur,
1946 1449 2109 1507 alteri

147 1556 272 1595 non
295 1537 586 1597 videntur.
673 1539 736 1597 Si
761 1540 888 1617 quis
915 1558 1122 1597 aurum
1147 1540 1418 1607 vendenS‚
1448 1540 1797 1599 orichalcum
1838 1558 1901 1597 se
1941 1545 2109 1619 putet
2138 1546 2213 1599 12

151 1627 424 1697 vendere,
453 1628 740 1688 indicetne
781 1630 832 1689 ei
872 1630 958 1689 vir
996 1630 1198 1697 bonuS,
1229 1648 1433 1689 aurum
1472 1630 1615 1689 illud
1656 1648 1799 1699 esse,
1840 1649 1914 1687 an
1954 1636 2111 1690 emat

149 1718 412 1786 denarie,
441 1719 602 1797 quod
643 1720 718 1778 sit
755 1720 909 1779 mille
935 1720 1232 1779 denarium
1252 1720 1280 1777 ἱ)
1361 1720 1738 1799 Perspicuum
1765 1728 1855 1780 est
1877 1721 2019 1800 jam,
2048 1728 2109 1780 et

149 1808 298 1887 quid
335 1808 482 1866 mihi
519 1809 801 1880 videatur,
833 1818 893 1869 et
934 1830 1067 1889 quae
1111 1808 1184 1869 sit
1219 1809 1369 1868 inter
1406 1828 1505 1869 eos
1543 1810 1934 1891 philosophos,
1964 1830 2108 1891 quos

148 1899 467 1969 nominavi,
497 1901 900 1961 controversia.

231 2080 462 2140 XXIV.
504 2080 688 2140 Pacta
725 2089 786 2141 et
826 2080 1106 2161 promissa
1149 2101 1448 2162 semperne
1494 2079 1774 2142 servanda
1814 2080 1944 2149 sint,
1972 2099 2107 2160 quae

148 2190 262 2231 nec
287 2171 350 2230 vi
376 2190 486 2230 nec
512 2171 648 2230 dolo
675 2174 828 2232 malo
859 2170 950 2252 (ut
977 2179 1259 2250 praetores
1285 2171 1498 2252 solent)
1520 2173 1673 2230 facta
1694 2172 1822 2230 sint.
1893 2171 1955 2229 Si
1982 2171 2109 2249 quis
2138 2178 2174 2230 2

149 2253 648 2322 medicamentum
675 2263 922 2342 cuipiam
949 2263 1177 2322 dederit
1217 2264 1295 2322 ad
1322 2282 1533 2342 aquam
1558 2261 1916 2331 intercutem,
1947 2261 2108 2341 pepi·

149 2353 444 2432 geritque,
473 2351 524 2410 si
549 2371 620 2411 eo
645 2353 1062 2412 medicamento
1091 2373 1265 2412 sanus
1292 2354 1484 2412 factus
1510 2359 1680 2421 esset,
1703 2371 1775 2411 ne
1802 2351 1901 2410 ino
1928 2352 2107 2411 medi-

153 2449 430 2502 camento
455 2461 710 2520 unquam
740 2451 943 2522 postea
979 2450 1274 2512 uteretur3
1315 2444 1363 2502 si
1388 2462 1459 2502 eo
1498 2443 1913 2503 medicamento
1938 2461 2110 2502 sanus

151 2534 354 2592 factus
381 2532 474 2601 sit,
503 2539 564 2592 et
589 2534 752 2592 annis
778 2535 996 2613 aliquot
1021 2540 1155 2612 post
1179 2533 1439 2592 inciderit
1464 2533 1523 2591 in
1549 2533 1795 2592 eundem
1821 2535 2109 2604 morbum,

151 2643 264 2683 nec
291 2624 374 2683 ab
417 2641 505 2692 e0,
535 2625 768 2702 quicum
810 2625 1128 2704 pepigerat,
1157 2623 1445 2702 impetret,
1474 2630 1542 2682 ut
1580 2625 1787 2683 iterum
1834 2644 1903 2682 eo
1944 2625 2113 2684 liceat

151 2715 276 2774 uti:
321 2716 466 2794 quid
493 2715 818 2774 faciendum
845 2715 934 2774 sit.
994 2716 1143 2773 Cum
1165 2715 1239 2773 sit
1258 2715 1306 2773 is
1326 2715 1684 2784 inhumanus,
1714 2715 1811 2793 qui
1836 2734 1951 2773 non
1978 2735 2110 2773 con·

151 2806 354 2875 cedat,
381 2825 492 2864 nec
517 2805 570 2864 ei
597 2805 902 2883 quicquam
935 2805 1037 2864 fiat
1075 2805 1312 2884 injuriae,
1342 2805 1478 2864 vitae
1504 2811 1564 2863 et
1604 2805 1773 2864 saluti
1814 2805 2108 2862 consulen-

151 2896 322 2956 dum.
392 2895 584 2965 Quid?
614 2895 662 2953 si
683 2895 780 2973 qui
795 2895 1020 2973 sapiens
1036 2903 1273 2975 rogatus
1291 2896 1365 2954 sit
1380 2896 1455 2954 ab
1471 2913 1558 2964 e0,
1578 2894 1675 2973 qui
1690 2913 1822 2952 eum
1838 2893 2111 2952 heredem
2138 2900 2174 2952 3

151 2986 357 3055 faciat,
387 3005 524 3045 cum
565 2985 622 3044 ei
661 2992 1007 3044 testamento
1047 2987 1372 3045 sestertium
1410 2985 1609 3044 millies
1649 2983 2015 3061 relinquatur,
2044 2990 2115 3042 ut

151 3085 316 3146 ante,
350 3095 528 3154 quam
551 3075 930 3134 hereditatem
957 3076 1144 3144 adeat,
1174 3076 1304 3135 luce
1331 3075 1523 3154 palam
1548 3076 1605 3134 in
1644 3074 1771 3132 foro
1810 3073 1997 3142 saltet,
2025 3073 2111 3133 id-

151 3186 276 3245 que
303 3185 374 3224 se
400 3165 692 3224 facturum
719 3166 1057 3245 promiserit,
1087 3166 1246 3244 quod
1272 3167 1439 3224 aliter
1463 3164 1734 3224 heredem
1760 3183 1893 3223 eum
1932 3165 2111 3246 scrip-

151 3263 332 3316 turus
359 3255 460 3314 ille
483 3275 600 3314 non
640 3263 826 3314 esset:
869 3257 1060 3325 faciat,
1104 3257 1259 3336 quod
1301 3256 1634 3335 promiserit,
1663 3257 1889 3316 necne?
1969 3257 2112 3316 Pro·
2140 3261 2177 3316 4

151 3347 388 3406 misisse
435 3345 668 3414 nollem,
713 3352 774 3404 et
815 3346 874 3404 id
919 3346 1166 3426 arbitror
1207 3346 1383 3405 fuisse
1430 3347 1743 3426 gravitatis
1829 3347 2113 3418 Quoniam

153 3436 448 3516 promisit,
479 3436 527 3493 si
553 3436 763 3494 saltare
787 3436 848 3494 in
871 3436 998 3494 foro
1030 3443 1202 3515 turpe
1243 3436 1433 3504 ducet,
1464 3438 1760 3496 honestius
1788 3440 2111 3507 mentietur,

156 3527 210 3584 si
235 3545 314 3586 ex
341 3524 663 3584 hereditate
689 3525 828 3585 nihil
855 3526 1089 3606 ceperit,
1113 3545 1287 3605 quam
1316 3527 1362 3584 si
1390 3528 1634 3605 ceperit:
1678 3527 1784 3586 nisi
1810 3529 1957 3587 forte
1984 3547 2113 3585 eam

157 3615 474 3696 pecuniam
499 3615 561 3674 in
587 3615 670 3674 rei
695 3615 939 3694 publicae
967 3635 1245 3696 magnum
1270 3616 1498 3695 aliquod
1526 3625 1758 3697 tempus
1794 3616 2111 3686 contulerit,

157 3713 234 3768 ut
279 3707 378 3769 vel
425 3706 656 3777 saltare,
699 3725 832 3766 cum
871 3705 1074 3786 patriae
1120 3706 1485 3766 consulturus
1524 3707 1615 3777 sit,
1656 3715 1827 3786 turpe
1864 3725 1981 3766 non
2020 3705 2110 3768 sit.
