2484 4175
296 292 378 349 4s
1126 305 1203 345 nr.
1243 302 1502 345 ormena

400 441 640 497 tendum
658 443 781 506 est3
820 455 1021 497 verum
1046 435 1291 495 alterum
1317 433 1644 493 exercitatio
1663 430 1917 512 augebit,
1939 431 2184 493 alterum
2208 432 2337 493 imi-

270 594 275 599 .
336 535 373 587 5
402 526 543 585 tatio
570 546 765 605 presse
792 526 1145 605 loquentium
1172 532 1232 584 et
1259 525 1474 584 leniter.
1557 524 1716 582 Nihil
1754 524 1865 583 fuit
1903 524 1963 581 in
1999 524 2238 595 Catulis,
2265 531 2337 585 ut

400 634 501 675 eos
528 617 805 694 exquisito
827 616 1045 695 judicio
1071 622 1306 694 putares
1335 616 1420 674 uti
1445 616 1777 683 litterarum,
1799 633 2146 692 quamquam
2169 613 2338 673 erant

398 706 649 775 litterati,
679 706 783 765 sed
822 714 883 765 et
921 706 1047 765 alii:
1088 705 1151 763 hi
1188 712 1386 763 autem
1413 705 1626 782 optime
1653 704 1738 763 uti
1775 704 1971 783 lingua
1995 705 2198 763 Latina
2226 725 2334 783 pu-

336 801 373 854 6
402 796 688 859 tabantur.
756 796 945 855 Sonus
972 803 1097 855 erat
1124 795 1343 864 dulcis3
1383 795 1589 853 litterae
1615 812 1800 873 neque
1819 814 2124 872 expressae,
2145 814 2338 873 neque

400 906 709 965 oppressae,
736 906 810 946 ne
850 893 953 945 aut
988 887 1300 945 obscurum
1333 891 1504 953 esset,
1534 892 1636 943 aut
1673 885 1956 962 putidum.
2037 886 2170 943 Sine
2198 904 2333 945 con-

336 975 370 1035 '1
400 977 649 1035 tentione
690 996 807 1035 vox
844 996 951 1035 nec
997 976 1296 1055 languenS‚
1337 994 1443 1033 nee
1485 992 1709 1037 canora.
1789 974 2034 1035 Uberior
2057 976 2238 1035 oratio
2263 976 2332 1033 L.

400 1066 609 1137 Crassi,
656 1086 763 1127 nec
806 1067 993 1125 minus
1034 1066 1262 1125 faceta:
1321 1066 1424 1124 sed
1472 1066 1618 1125 bene
1665 1064 1936 1143 loquendi
1981 1064 2056 1123 de
2107 1065 2335 1125 Catulis

335 1161 373 1214 8
400 1156 589 1235 opinio
614 1176 729 1217 non
754 1157 953 1217 minor.
1038 1156 1171 1215 Sale
1198 1174 1337 1219 vero
1358 1162 1423 1214 et
1447 1155 1666 1215 facetiis
1693 1154 1904 1225 Caesar,
1935 1154 2128 1215 Catuli
2152 1156 2334 1233 patris

398 1246 593 1316 frater,
635 1248 771 1307 vicit
816 1266 1033 1317 omnes,
1074 1252 1143 1305 ut
1187 1246 1247 1305 in
1292 1246 1390 1305 illo
1431 1245 1558 1324 ipso
1603 1245 1814 1305 forensi
1853 1262 2064 1324 genere
2105 1245 2336 1305 dicendi

334 1342 370 1396 9
398 1338 785 1397 contentiones
832 1338 1072 1397 aliorum
1110 1354 1374 1395 sermone
1399 1336 1666 1395 vinceret.
1747 1335 1818 1394 In
1857 1335 2117 1405 omnibus
2153 1336 2336 1414 igitur

396 1428 487 1487 his
514 1427 925 1487 elaborandum
950 1418 1055 1496 est;
1084 1428 1134 1487 si
1170 1427 1230 1486 in
1265 1426 1420 1486 omni
1445 1446 1526 1497 re,
1555 1426 1694 1504 quid
1721 1425 1938 1495 deceat,
1965 1425 2332 1503 exquirimus,

296 1522 371 1576 10
398 1516 489 1575 Sit
514 1534 653 1595 ergo
680 1517 773 1575 hic
800 1536 1003 1586 sermo,
1032 1517 1090 1575 in
1117 1536 1233 1595 quo
1263 1516 1537 1575 Socratici
1574 1516 1819 1575 maxime
1857 1515 2160 1584 excellunt,
2189 1516 2336 1578 lenis

396 1606 738 1683 minimeque
765 1606 1059 1683 pertinax:
1100 1606 1233 1665 insit
1259 1607 1318 1665 in
1344 1625 1414 1665 eo
1438 1606 1617 1685 lepos.
1699 1597 1759 1665 N
1761 1624 1826 1665 ec
1853 1621 2006 1674 vero,
2035 1612 2338 1706 tamquam

294 1701 366 1755 11
398 1694 457 1755 in
480 1694 914 1798 possessionem
943 1715 1115 1779 ‘suam
1140 1696 1378 1765 venerit,
1406 1695 1675 1755 excludat
1697 1696 1874 1755 alios:
1915 1695 2019 1753 sed
2046 1695 2178 1755 cuin
2200 1696 2337 1755 reli-

398 1785 525 1889 quis
551 1785 611 1844 in
635 1787 831 1855 rebus,
854 1770 981 1845 tum
1020 1786 1080 1845 in
1114 1804 1378 1845 sermone
1417 1786 1719 1855 communi,
1748 1785 2190 1847 vicissitudinem
2215 1804 2339 1845 non

296 1875 413 1933 12
397 1876 649 1980 iniquam
676 1882 861 1955 putet.
928 1876 1023 1935 Ac
1050 1875 1287 1935 videat
1270 1896 1330 1935 ιιι
1356 1876 1571 1954 primis,
1599 1875 1808 1979 quibus
1833 1876 1909 1935 de
1935 1876 2107 1935 rebus
2133 1875 2336 1955 loqua-

297 1969 369 2024 13
401 1973 531 2024 turz
574 1966 625 2025 si
650 1965 826 2036 seriis,
856 1966 1217 2026 severitatem
1245 1966 1554 2035 adhibeat3
1595 1966 1644 2024 si
1661 1965 1892 2045 jocosis,
1920 1966 2190 2069 leporem.
2259 1967 2337 2025 In

399 2057 711 2163 primisque
752 2056 1070 2138 provideat,
1098 2074 1173 2116 ne
1198 2075 1386 2116 sermo
1412 2056 1612 2116 vitium
1638 2056 1870 2135 aliquod
1907 2055 2164 2116 indicet
2147 2074 2337 2116 messe

396 2150 457 2210 in
494 2149 781 2208 moribus:
823 2147 983 2226 quod
1020 2147 1268 2206 maxime
1307 2152 1434 2206 tum
1469 2146 1618 2206 solet
1643 2146 1884 2216 evenire,
1915 2165 2048 2205 cum
2075 2147 2337 2207 studiose

398 2239 473 2298 de
490 2238 824 2298 absentibus
841 2237 1180 2296 detrahendi
1199 2255 1389 2305 causa,
1413 2243 1514 2295 aut
1533 2255 1640 2314 per
1653 2236 1972 2306 ridiculum,
1995 2243 2097 2295 aut
2115 2255 2334 2306 severe,

295 2333 371 2389 14
398 2327 675 2388 maledice
702 2327 1221 2404 contumelioseque
1242 2326 1468 2385 dicitur.
1537 2327 1843 2386 Habentur
1859 2333 2056 2386 autem
2080 2327 2332 2406 plerum-

396 2435 511 2494 que
553 2434 842 2474 sermones
878 2423 982 2474 aut
1006 2415 1081 2474 de
1108 2415 1435 2476 domesticis
1473 2416 1732 2495 negotiis,
1761 2423 1864 2474 aut
1889 2416 1963 2476 de
1989 2436 2054 2476 re
2079 2417 2332 2495 publica,

294 2512 370 2566 15
398 2512 500 2564 aut
541 2502 616 2563 de
654 2504 863 2563 artium
902 2505 1104 2564 studiis
1144 2513 1320 2584 atque
1357 2505 1633 2580 doctrina.
1716 2506 1923 2565 Danda
1949 2507 2128 2586 igitur
2153 2525 2337 2586 opera

398 2601 505 2662 est,
533 2600 601 2652 ut
626 2593 799 2652 etiam
828 2593 876 2652 si
900 2595 1169 2654 aberrare
1196 2595 1274 2654 ad
1312 2595 1425 2654 alia
1457 2596 1712 2675 coeperit,
1747 2595 1824 2654 ad
1863 2597 1991 2655 haec
2032 2604 2336 2656 revocetur

398 2682 611 2752 oratio;
653 2683 757 2742 sed
784 2689 1074 2763 utcunque
1100 2684 1380 2744 aderunt:
1421 2704 1608 2762 neque
1635 2685 1784 2744 enim
1807 2686 2010 2744 iisdem
2035 2686 2110 2745 de
2135 2687 2333 2756 rebus,

296 2779 369 2834 16
396 2793 503 2833 nec
530 2773 683 2832 omni
706 2780 984 2852 tempore,
1003 2793 1110 2834 nec
1136 2775 1394 2834 similiter
1419 2775 1787 2835 delectamur.
1854 2775 2333 2836 Animadverten-

398 2864 541 2923 dum
566 2871 655 2922 est
682 2864 870 2933 etiam,
900 2871 1185 2942 quatenus
1211 2883 1401 2923 sermo
1429 2865 1865 2924 delectationem
1898 2866 2131 2937 habeat,
2157 2873 2236 2937 et,
2265 2874 2335 2926 ut

396 2954 702 3035 incipiendi
725 2954 873 3014 ratio
897 2954 1090 3025 fuerit,
1116 2955 1199 3014 ita
1222 2955 1300 3014 sit
1327 2955 1620 3014 desinendi
1646 2955 1872 3014 modus.

471 3134 808 3194 XXXVIII.
838 3133 961 3194 Sed
974 3133 1294 3212 quomodo
1277 3154 1338 3194 ιιι
1352 3134 1506 3194 οιιιιιί
1516 3134 1635 3194 vita
1646 3134 1957 3194 rectissime
1966 3135 2330 3214 praecipitur,

396 3229 465 3281 ut
491 3222 942 3299 perturbationes
981 3224 1287 3304 fugiamus,
1315 3223 1376 3282 id
1415 3231 1520 3294 est,
1549 3230 1740 3283 motus
1779 3225 1950 3283 animi
1993 3225 2214 3295 nimios,
2241 3246 2332 3284 ra-

398 3310 536 3368 tioni
560 3328 675 3368 non
701 3311 1195 3389 obtemperantes;
1224 3313 1305 3373 sic
1333 3314 1458 3393 ejus
1483 3313 1642 3374 modi
1665 3314 1916 3374 motibus
1943 3333 2132 3374 sermo
2157 3315 2334 3375 debet
2446 3339 2447 3344 ¹

397 3417 619 3468 vacare,
646 3417 719 3456 ne
744 3407 847 3458 aut
872 3400 956 3458 ira
986 3402 1211 3471 existat,
1241 3410 1344 3463 aut
1384 3404 1666 3482 cupiditas
1705 3404 1913 3482 aliqua,
1941 3410 2044 3463 aut
2081 3405 2330 3484 pigritia.

332 3494 369 3548 2
398 3495 499 3548 aut
536 3489 775 3568 ignavia,
804 3497 907 3548 aut
944 3489 1059 3548 tale
1098 3492 1310 3569 aliquid
1349 3501 1643 3571 appareat.
1723 3493 2082 3572 Maximeque
2130 3514 2330 3557 curan-

397 3578 538 3637 dum
564 3583 669 3648 est,
698 3584 765 3637 ut
789 3597 905 3648 eos,
934 3578 1275 3658 quibuscum
1313 3600 1632 3642 sermonem
1660 3582 2036 3653 conferemus,
2054 3589 2126 3642 'et
2150 3585 2330 3644 vereri

334 3673 371 3726 8
396 3673 457 3727 et
483 3667 719 3748 diligere
744 3668 1055 3728 videamur.
1137 3670 1580 3749 Objurgationes
1609 3673 1784 3732 etiam
1813 3690 2222 3754 nonnunquam
2245 3675 2329 3736 in·
