2484 4175
915 339 1088 380 mun
1111 339 1176 380 11.
1258 337 1394 381 en.
1422 340 1481 382 v.
2134 323 2209 384 01

177 479 238 530 et
273 471 376 550 qui
413 469 696 549 principes
732 468 1050 528 inveniendi
1087 469 1337 538 fuerunt,
1364 487 1537 548 quem
1578 487 1655 526 ex
1686 485 1912 546 qusque
1940 466 2113 527 belus

179 581 348 620 nsum
374 561 588 619 habere
615 578 930 638 possemus,
951 559 1206 619 homines
1227 565 1381 618 certe
1406 559 1667 617 fuerunt:
1696 577 1803 616 nec
1830 558 1939 616 hoc
1964 564 2111 616 tem·

219 669 317 744 2¹⁹.
331 650 478 736 ‚sine
516 651 808 710 hominum
848 667 1024 727 opera
1048 655 1152 707 aut
1190 666 1426 728 pascere
1461 667 1577 718 eas,
1606 655 1709 706 aut
1734 648 1982 716 domare,
2010 653 2113 706 aut

179 672 342 811 {sei-i,
363 747 466 798 aut
483 739 852 819 tempestivos
877 740 1100 798 fructus
1119 757 1192 801 ex
1217 739 1307 796 his
1328 757 1531 817 capere
1552 755 1881 818 possemus:
1910 738 1985 796 ab
2006 737 2111 796 eis-

180 831 428 908 demque
468 837 528 888 et
566 847 668 898 eae,
698 847 830 907 quae
871 836 1096 898 nocent,
1123 828 1548 897 interficiuntur,
1578 836 1639 888 et
1664 847 1797 907 quae
1822 827 1951 886 usui
1978 845 2108 906 pos-

178 928 314 980 sunt
339 939 482 990 esse,
511 919 828 997 capiuntur.
909 919 1062 988 Quid
1090 937 1415 978 enumerem
1440 919 1649 977 artium
1672 917 2110 986 multitudinem,
2140 922 2177 975 6

179 1011 300 1069 sine
325 1010 532 1088 quibus
570 1009 690 1068 vita
727 1009 952 1068 omnino
997 1009 1158 1068 nulla
1195 1027 1322 1068 esse
1362 1009 1642 1087 potuisset
1660 1009 1690 1066 ‘2
1771 1007 1923 1078 Quid
1964 1007 2114 1070 enim

179 1099 350 1179 aegris
390 1099 734 1168 subveniret,
762 1119 894 1178 quae
931 1105 1086 1158 esset
1119 1099 1425 1158 oblectatio
1451 1097 1777 1165 valentium,
1808 1097 1905 1175 qui
1929 1097 2113 1156 victus

175 1198 283 1250 aut
321 1190 527 1258 cultus,
554 1189 661 1248 nisi
697 1197 820 1248 tam
857 1189 1058 1249 multae
1098 1189 1263 1248 nobis
1296 1195 1449 1247 artes
1484 1188 1878 1256 ministrarent,
1907 1187 2115 1265 quibus

175 1282 354 1340 rebus
380 1281 608 1340 exculta
631 1279 926 1338 hominum
943 1279 1062 1338 vita
1086 1285 1314 1338 tantum
1332 1278 1507 1336 distat
1526 1297 1561 1336 a
1579 1278 1737 1338 victu
1755 1285 1815 1336 et
1834 1278 1995 1337 cultu
2012 1278 2111 1336 be-

177 1371 416 1429 stiamm
433 1372 462 1432 ‘2
541 1371 732 1430 Urbes
757 1389 894 1430 vero
935 1371 1056 1428 sine
1099 1369 1395 1428 hominum
1438 1375 1599 1428 coetu
1636 1387 1753 1427 uon
1794 1366 2115 1446 potuissent
2142 1366 2179 1426 '1

176 1479 286 1520 nec
325 1453 610 1529 aedificari,
638 1479 744 1518 nec
781 1460 1164 1538 frequentari:
1207 1477 1281 1517 ex
1307 1477 1423 1537 quo
1456 1458 1629 1538 leges.
1653 1477 1963 1550 moresque,
1980 1477 2113 1518 con-

177 1551 380 1620 stituti,
409 1557 534 1610 tum
555 1551 698 1636 juris
723 1569 892 1629 gequa
917 1550 1221 1629 descriptio
1250 1556 1519 1628 certaque
1542 1549 1767 1608 vivendi
1794 1548 2108 1627 disciplina.

178 1643 338 1713 Quas
371 1660 464 1700 res
499 1648 560 1700 et
597 1637 976 1700 mansuetudo
1013 1641 1329 1699 animorum
1362 1647 1665 1699 consecuta
1690 1647 1751 1698 et
1774 1639 2115 1700 verecundia
2143 1645 2181 1697 8

177 1741 305 1792 aet:
349 1732 744 1808 effectumque,
773 1738 840 1790 ut
879 1738 1031 1789 esset
1068 1732 1186 1790 vita
1224 1730 1508 1805 munitior,
1536 1737 1711 1808 atque
1745 1737 1813 1788 ut
1838 1729 2029 1788 dando
2054 1734 2117 1787 et

176 1821 512 1900 accipiendo
529 1821 932 1899 mutandisque
951 1819 1319 1880 facultatibus
1339 1827 1401 1880 et
1418 1820 1845 1880 commodandis
1870 1820 2027 1879 nulla
2051 1837 2115 1878 re

177 1931 498 1994 egeremus

157 2044 204 2141 ff*
257 2094 336 2153 V.
377 2092 691 2171 Longiores
728 2092 840 2151 hoc
879 2090 1006 2150 Ioco
1045 2110 1260 2160 sumus,
1302 2108 1477 2169 quam
1514 2107 1746 2148 necesse
1784 2094 1890 2147 est.
1972 2088 2127 2158 Qffi
2163 2094 2174 2101 '

178 2190 271 2243 est
311 2182 478 2250 enim,
508 2181 600 2240 cui
636 2201 750 2260 non
789 2182 1090 2259 perspicua
1127 2181 1240 2239 sint
1276 2181 1389 2250 illa,
1420 2199 1551 2258 quae
1582 2178 1839 2258 pluribus
1866 2179 2051 2239 verbis
2078 2197 2115 2235 a

179 2273 438 2332 Panoetio
477 2258 1006 2339 commemorentur,
1036 2271 1319 2329 neminem
1356 2288 1541 2349 neque
1581 2269 1788 2328 ducem
1828 2268 1963 2328 belli
2008 2287 2113 2329 nec

180 2364 498 2443 principem
525 2362 681 2421 domi
717 2378 956 2440 magnas
994 2380 1086 2421 res
1129 2368 1190 2419 et
1225 2361 1501 2420 salutares
1529 2360 1647 2419 sine
1674 2360 1965 2418 hominum
1994 2350 2113 2418 stu-

182 2454 528 2537 diisfgerere
643 2452 911 2544 tuisss?‚‘·'r‘
945 2451 994 2557 ξ)
1151 2459 1443 2533 emoratur
1476 2452 1551 2511 ab
1587 2469 1657 2509 eo
1688 2450 2113 2521 Themistocles,
2143 2457 2177 2509 2

184 2521 449 2611 Feii‘cles,
473 2470 679 2620 (3933,
707 2531 890 2621 Apes,
913 2538 966 2597 a
1017 2586 1033 2610 ‚
1055 2518 1407 2611 Aleit'aei'nder,
1430 2560 1575 2619 quos
1600 2548 1777 2622 negat
1802 2541 1922 2599 sine
1950 2540 2113 2620 adJu-
2160 2610 2166 2620 1

177 2634 388 2693 mentis
431 2633 726 2691 hominum
767 2638 956 2689 tantas
995 2650 1096 2715 res·
1131 2632 1352 2691 efficere
1391 2632 1665 2712 potuisse.
1745 2632 1945 2691 Utitur
1968 2632 2027 2690 in
2050 2608 2210 2690 35⁴³*

178 2744 296 2783 non
325 2722 502 2781 dubia
523 2722 908 2781 testibusnon
930 2722 1276 2781 necessariis.

261 2814 466 2891 Atque
499 2819 570 2871 ut
605 2830 844 2891 magnas
881 2812 1154 2871 utilitates
1182 2811 1546 2890 adipiscimur
1570 2810 1984 2889 conspiratione
2010 2810 2113 2868 ho·
2142 2816 2179 2868 3

175 2904 404 2962 minum
429 2900 602 2980 atque
621 2920 936 2961 consensu:
977 2902 1058 2960 sic
1083 2902 1242 2961 nulla
1268 2892 1391 2959 tam
1416 2901 1767 2978 detestabilis
1780 2900 1979 2977 pestis
2006 2905 2111 2969 est,
2196 2927 2298 2964 μω,
2332 2950 2376 2964 ,,
2434 2912 2467 2951 .·

175 3014 344 3076 quae,
362 3012 478 3060 non
512 2992 725 3058 homini
747 2993 822 3052 ab
849 2992 1076 3051 homine
1101 2998 1385 3051 nascatur.
1467 2992 1575 3049 Est
1613 2970 1935 3065 fiidffl
1970 2985 2116 3047 liber
2140 2994 2245 3047 4:1-
2359 3008 2375 3025 ὴ
2454 2994 2471 3009 ⁴

176 3086 260 3143 de
284 3074 520 3143 interitu
542 3082 854 3152 hominum,
871 3082 1247 3185 Peripatetici
1270 3080 1464 3160 magni
1489 3086 1551 3138 et
1575 3078 1825 3157 copiosi:
1872 3078 1970 3157 qui
1996 3078 2111 3137 col-

174 3174 346 3233 lectis
387 3172 590 3231 eeteris
633 3172 833 3241 causis,
855 3161 1168 3242 {lunonis
1209 3170 1565 3250 pestilentiae,
1594 3170 1890 3241 vastitatis,
1919 3168 2115 3230 belua-

177 3284 312 3323 rum
327 3263 499 3322 etiam
519 3262 831 3341 repentinae
849 3262 1242 3331 multitudinis,
1260 3280 1500 3339 quarum
1525 3260 1745 3339 impetu
1764 3260 1935 3334 docet
1955 3280 2115 3340 quae-

175 3354 324 3413 dam
364 3353 658 3411 hominum
699 3371 910 3432 genera
949 3370 1074 3411 esse
1121 3359 1496 3437 consumpta3
1548 3350 1755 3410 deinde
1802 3358 2113 3430 comparat,

173 3450 402 3524 quanto
445 3442 638 3521 plures
675 3442 847 3501 deleti
888 3444 1002 3501 sint
1040 3443 1297 3502 homines
1323 3442 1615 3502 hominum
1642 3442 1879 3520 impetu,
1908 3441 1969 3511 id
2008 3447 2113 3510 est,

171 3533 350 3595 bellis
377 3540 479 3593 aut
507 3532 889 3602 seditionibus,
919 3552 1092 3611 quam
1117 3534 1269 3591 omni
1294 3534 1510 3612 reliqua
1536 3534 1873 3592 calamitate.

265 3702 422 3761 Cum
461 3700 639 3782 igitur
678 3700 772 3761 hic
813 3700 976 3761 locus
1013 3700 1150 3761 nihil
1193 3702 1405 3761 habeat
1430 3698 1814 3768 dubitationis,
1842 3697 1978 3777 quin
2012 3696 2113 3755 ho·
2142 3704 2181 3757 ὅ

201 3816 232 3829 Ι
