2484 4175
249 295 326 352 16
1079 305 1156 346 nn·
1196 301 1455 345 urricus

349 435 546 516 pediti,
577 453 722 514 quos
757 434 908 494 tueri
946 433 1174 502 debent,
1205 433 1495 492 deserunt.
1576 431 1783 509 Itaque
1818 449 1918 490 eos
1962 449 2037 490 ne
2062 429 2140 490 ad
2166 449 2293 490 rem

352 527 641 606 publicam
689 543 1018 586 accessuros
1057 524 1291 602 quidem
1337 528 1521 602 putat,
1562 522 1671 580 nisi
1709 528 1955 580 3333103.
2039 522 2297 607 AEquius

348 623 543 675 autem
582 623 724 685 erat,
751 615 812 674 id
851 615 1147 674 voluntate
1185 614 1322 674 fieri.
1403 612 1559 672 Nam
1584 613 1695 671 hoc
1736 612 1925 690 ipsum
1947 595 2046 669 it'a
2067 610 2308 690 justum
2332 621 2359 668 .“

285 715 320 768 5
351 714 456 785 est
525 706 642 766 uod
681 713 836 765 recte
876 705 959 774 fit,
989 705 1037 763 31
1063 711 1154 763 est
1178 702 1574 763 voluntarium.
1659 702 1809 761 Sunt
1849 701 2036 770 etiam,
2064 701 2163 779 qui
2188 708 2294 760 aut

349 751 456 855 έῖιι
505 816 541 855 o
593 795 677 855 rei
721 795 1010 854 familiaris
1065 793 1322 864 tuendae,
1362 799 1466 852 aut
1508 761 1642 852 “³dio
1682 792 1933 895 quodam
1975 791 2293 861 hominum,

349 905 518 944 suum
545 905 607 945 33
633 885 927 988 negotium
953 903 1153 992 agere
1152 883 1363 953 dicant,
1384 901 1459 942 ne
1484 883 1673 942 facere
1701 882 1966 984 cuiquam
1990 882 2295 942 videantur

348 975 641 1054 injuriam:
683 975 784 1053 qui
809 975 992 1034 altero
1029 991 1237 1053 genere
1265 972 1558 1052 injustitiae
1588 979 1811 1041 vacant,
1838 973 1897 1032 in
1934 972 2223 1031 alterum‘
2205 991 2292 1030 ιιι-

351 1072 601 1125 currunt.
683 1065 970 1123 Deserunt
1015 1063 1165 1123 enim
1210 1064 1345 1122 vitae
1394 1063 1741 1131 societatem,
1784 1062 1917 1141 quia
1960 1062 2101 1122 nihil
2154 1081 2293 1122 con-

349 1155 583 1216 ferunt
567 1175 626 1214 ιιι
653 1174 780 1214 eam
805 1155 995 1224 studii,
1021 1153 1160 1212 nihil
1185 1172 1396 1234 operae,
1422 1152 1560 1212 nihil
1585 1152 1943 1212 facultatum.

285 1251 322 1305 6
433 1247 677 1318 Quando
701 1246 876 1326 igitur
901 1245 1128 1304 duobus
1167 1243 1471 1324 generibus
1508 1241 1797 1322 injustitiae
1837 1241 2158 1321 propositiS,
2186 1242 2293 1300 ad-

346 1336 638 1415 junximus
666 1355 866 1395 causas
891 1335 1187 1414 utriusque
1213 1333 1455 1412 generisi,
1484 1351 1693 1411 easque
1719 1349 1810 1391 res
1836 1338 1968 1390 ante
1996 1332 2293 1391 constitui-

349 1445 497 1494 mus,
553 1426 761 1503 quibus
811 1424 1034 1504 justitia
1087 1424 1501 1482 contineretur:
1556 1423 1740 1491 facile,
1796 1423 1954 1501 quod
2010 1423 2295 1502 cujusque

353 1515 623 1594 temporis
651 1514 898 1572 officium
923 1514 1015 1582 sit,
1046 1512 1377 1592 poterimuS,
1406 1513 1511 1572 nisi
1536 1512 1914 1592 nosmetipsos
1939 1513 2107 1572 valde
2134 1531 2293 1572 ama-

289 1603 323 1664 '7
354 1604 559 1672 bimuS,
582 1603 808 1682 judicar
939 1603 1046 1661 Est
1081 1622 1247 1680 emm
1280 1602 1519 1662 difficilis
1556 1623 1589 1662 3
1719 1623 1925 1674 rerum
1964 1603 2293 1664 alienarum.

359 1695 720 1771 Quamquam
747 1603 1247 1752 grgssfflanffisffie
1268 1691 1545 1752 Chremes
1572 1622 1806 1751 ffiani
1830 1693 1969 1752 nihil
1994 1712 2031 1750 a
2057 1711 2119 1751 se
2156 1693 2293 1752 3113-

351 1804 491 1845 num
513 1789 697 1863 putat.
779 1781 898 1842 Sed
924 1790 1120 1841 tamen
1139 1783 1273 1860 quia
1298 1783 1484 1862 magis
1506 1801 1575 1842 ea
1594 1781 1939 1862 percipimus
1966 1789 2139 1860 atque
2158 1802 2295 1842 3311-

352 1875 542 1942 timuS,
585 1892 716 1952 quae
755 1873 922 1932 nobis
961 1873 1100 1952 ipsis
1139 1879 1241 1932 aut
1280 1892 1557 1977 prospera
1596 1881 1697 1931 aut
1723 1873 1961 1932 adversa
2008 1873 2295 1943 eveniunt,

351 1984 526 2044 quam
561 1964 675 2033 illa,
715 1983 846 2042 quae
890 1964 1106 2034 ceteris,
1147 1982 1281 2042 quae
1334 1963 1497 2042 q'uasi
1540 1962 1716 2043 longo
1766 1963 2061 2031 intervallo
2120 1963 2295 2022 inter·-

288 2063 324 2118 8
347 2057 504 2137 jecto
533 2054 826 2116 videmus:
871 2055 1037 2115 aliter
1062 2053 1138 2115 de
1163 2055 1291 2124 illis,
1314 2073 1381 2113 33
1408 2054 1483 2115 de
1510 2055 1690 2124 nobiS,
1717 2053 2052 2133 judicamuS.
2136 2054 2295 2125 Quo-

353 2149 503 2208 circa
555 2148 700 2207 bene
750 2146 1121 2248 praecipiunt,
1163 2145 1263 2223 qui
1309 2152 1504 2205 vetant
1549 2145 1853 2223 quicquam
1899 2162 2085 2225 agere,
2133 2144 2297 2222 quod

353 2238 580 2298 dubites
617 2254 936 2320 aequum
873 2235 962 2305 sit,
991 2255 1066 2293 an
1104 2235 1377 2313 iniquum.
1480 2234 1752 2311 AEquitas
1792 2234 1943 2295 enim
1972 2234 2131 2294 lucet
2166 2234 2298 2315 ipsa

353 2348 459 2408 per
485 2346 567 2396 33,
597 2325 878 2386 dubitatio
907 2324 1311 2403 cogitationem
1336 2323 1656 2403 significat‘
1640 2324 1881 2402 mjuriae.

431 2506 505 2565 X.
547 2504 665 2563 Sed
717 2502 974 2562 incidunt
1033 2521 1188 2582 saepe
1243 2509 1521 2582 tempora,
1564 2522 1695 2561 cum
1743 2521 1830 2572 33,
1870 2522 2003 2581 quae
2048 2505 2295 2565 maxime

352 2596 618 2656 videntur
643 2593 820 2671 digna
847 2612 974 2651 3333
998 2593 1156 2671 justo
1181 2593 1426 2661 homine,
1448 2611 1647 2671 eoque,
1671 2612 1841 2671 quem
1867 2592 2051 2654 virum
2076 2596 2295 2655 bonum

355 2685 614 2753 dicimuS,
611 2689 1067 2771 commutantur
1103 2682 1363 2760 fiuntque
1408 2683 1705 2755 contraria,
1734 2689 1804 2742 ut
1841 2683 2082 2745 reddere
2116 2685 2297 2766 depo-

355 2776 546 2843 situm,
573 2747 783 2832 facere
789 2760 1164 2859 promissum.
1206 2792 1455 2851 quaeque
1482 2773 1765 2853 pertinent
1792 2773 1869 2842 ad
1894 2770 2191 2835 veritatem
2236 2783 2297 2835 et

291 2872 326 2925 2
355 2865 431 2925 ad
450 2863 640 2933 fidem,
663 2882 732 2923 ea
749 2865 992 2943 migrare
1011 2861 1302 2922 interdum
1328 2871 1395 2923 et
1413 2883 1529 2923 non
1554 2883 1782 2925 servare
1798 2865 1865 2923 fit
1885 2865 2123 2944 justum.
2178 2867 2295 2925 Re-

355 2956 488 3017 ferri
507 2954 657 3015 enim
676 2953 845 3014 decet
863 2952 941 3013 ad
967 2972 1052 3023 ea,
1069 2972 1203 3032 quae
1229 2954 1397 3033 posui
1428 2954 1718 3033 principio,
1739 2955 2112 3015 fundamenta
2126 2956 2295 3035 justi·

353 3049 499 3107 tiae:
544 3047 809 3127 primum,
829 3052 896 3103 ut
921 3063 996 3104 ne
1021 3044 1114 3103 cui
1139 3050 1445 3114 noceam-3
1487 3044 1711 3115 deinde,
1738 3052 1806 3105 ut
1833 3046 2119 3105 communi
2144 3046 2297 3105 utili-

291 3144 327 3195 8
357 3127 788 3196 ta'tsberviatur.
869 3136 958 3194 Ea
985 3154 1119 3195 cum
1145 3141 1405 3215 tempore
1444 3142 1883 3205 commutantur,
1912 3142 2299 3195 commutatur

357 3225 624 3294 officium,
665 3232 726 3283 et
770 3244 885 3283 non
931 3245 1158 3305 semper
1203 3233 1295 3285 est
1340 3224 1512 3285 idem.
1592 3226 1795 3285 Potest
1842 3225 1995 3285 enim
2036 3225 2299 3286 accidere

357 3314 701 3406 promissum
722 3314 954 3415 aliquod
971 3321 1038 3397 et
1062 3322 1425 3386 conventum,
1442 3322 1509 3374 ut
1533 3315 1594 3375 id
1622 3316 1767 3375 effici
1792 3316 1867 3374 sit
1890 3315 2085 3374 inutile
2104 3316 2197 3374 vel
2226 3316 2297 3385 ei,

293 3412 331 3465 4
357 3405 450 3464 cui
495 3391 837 3483 promissum
883 3388 974 3471 sit,
1013 3403 1106 3462 vel
1153 3405 1222 3473 ei,
1266 3405 1364 3482 qui
1411 3405 1747 3483 promiserit.
1830 3405 1985 3463 Nam
2027 3404 2093 3473 si,
2122 3412 2192 3463 ut
2240 3406 2323 3482 in,

355 3495 564 3554 fabulis
593 3502 696 3563 est,
726 3494 1052 3573 NeptunuS,
1080 3492 1237 3570 quod
1278 3495 1499 3554 Theseo
1530 3495 1882 3573 promiserat,
1910 3514 2025 3553 non
2050 3496 2081 3553 f
2108 3485 2318 3566 cisset,‘

355 3584 611 3647 Theseus
639 3582 958 3662 Hippolyto
985 3581 1100 3640 filio
1139 3601 1255 3641 non
1294 3590 1445 3642 esset
1485 3584 1737 3643 orbatus.
1819 3584 1911 3642 Ex
1938 3584 2119 3643 tribus
2146 3584 2299 3646 enim

355 3676 590 3759 optatis,
629 3680 697 3732 ut
735 3671 1018 3739 scribitur,
1055 3671 1168 3731 hoc
1213 3679 1339 3729 erat
1380 3672 1631 3742 tertium,
1671 3671 1829 3750 quod
1874 3672 1950 3733 de
1989 3673 2297 3754 Hippolyti
