2484 4175
909 326 1081 368 man
1104 327 1193 368 111.
1275 326 1411 370 ου.
1440 327 1536 368 xv.
2103 313 2218 370 108

170 453 405 514 multa?
432 454 719 534 impetrat.
774 455 929 514 Emit
942 455 1121 516 homd
1132 455 1376 535 cupidus
1393 462 1454 516 et
1466 453 1724 534 locuples
1737 455 1900 524 tanti,
1919 453 2116 533 quanti

170 544 433 623 Pythius
458 544 655 614 voluit,
684 552 745 605 et
784 546 923 604 emit
958 545 1284 606 instructos.
1366 545 1614 606 Nomina
1637 546 1792 614 facit,
1821 546 2113 625 negotium

171 634 421 694 conficit.
504 633 715 694 Invitat
731 635 941 694 Canius
970 636 1241 714 postridie
1261 635 1566 696 familiares
1585 655 1735 696 suos.
1798 636 1972 696 Venit
1989 636 2114 716 ipse
2141 641 2180 696 8

171 731 418 784 mature.
502 725 797 784 Scalmum
822 727 1045 786 nullum
1064 726 1237 786 videt.
1303 725 1520 796 Quoerit
1541 745 1614 784 ex
1633 725 1890 804 proximo
1909 725 2110 795 vicino,

170 833 315 872 num
359 814 515 874 feriae
556 815 823 893 quaedam
866 816 1215 896 piscatorum
1259 823 1466 885 essent,
1495 815 1654 894 quod
1680 834 1780 876 eos
1819 815 2006 876 nullos
2031 815 2111 874 vi·

174 903 359 964 deret.
442 904 651 973 Nullae,
680 905 835 982 quod
862 906 1057 975 sciam,
1085 906 1179 966 ille
1221 905 1422 984 inquit,
1451 906 1556 966 sed
1597 906 1692 964 hie
1731 905 1937 984 piscari
1973 905 2114 964 nulli

175 994 363 1052 solent
384 1013 398 1051 z
426 994 617 1071 itaque
636 995 761 1054 heri
778 995 1043 1065 mirabar,
1068 995 1207 1072 quid
1226 995 1546 1056 accidisset.
1627 995 1984 1054 Stomachari
2001 995 2110 1054 Ca-

174 1083 321 1142 nius.
405 1084 526 1143 Sed
542 1085 681 1162 quid
697 1085 912 1144 faceret
929 1087 956 1144 ‘2
1026 1085 1304 1146 Nondum
1323 1085 1472 1146 enim
1492 1084 1796 1163 Aquillius,
1817 1086 2036 1164 collega
2053 1091 2114 1143 et
2139 1090 2176 1144 9

174 1173 465 1232 familiaris
505 1193 685 1242 meus,
714 1175 1033 1253 protulerat
1058 1175 1133 1233 de
1159 1175 1298 1236 dolo
1329 1175 1482 1234 malo
1516 1175 1808 1234 formulas.
1889 1176 1962 1234 In
1985 1174 2108 1252 qui-
2141 1177 2218 1234 10

177 1263 287 1322 bus
332 1263 473 1342 ipsis
518 1283 651 1322 cum
696 1283 771 1322 ex
809 1284 879 1326 eo
918 1272 1287 1342 quaereretur,
1315 1264 1453 1343 quid
1499 1272 1654 1324 esset
1699 1263 1866 1324 dolus
1905 1265 2108 1332 malus,

175 1353 733 1432 respondebat,·cum
758 1361 912 1414 esset
938 1354 1095 1415 aliud
1120 1354 1470 1423 simulatum,
1489 1353 1646 1414 aliud
1685 1361 1898 1414 actum.
1981 1354 2110 1414 Hoc

176 1444 411 1522 quidem
436 1462 573 1502 sane
598 1443 901 1513 luculente,
914 1451 981 1504 ut
1006 1445 1083 1504 ab
1110 1444 1336 1504 homine
1364 1444 1550 1523 perito
1569 1443 1886 1504 definiendi.
1949 1443 2110 1523 Ergo
2140 1448 2211 1503 11

176 1541 239 1593 et
260 1534 511 1610 Pythius
556 1540 616 1592 et
656 1553 855 1593 omnes
896 1534 1053 1594 aliud
1097 1541 1352 1614 agenteS,
1383 1535 1540 1594 aliud
1581 1533 1930 1603 simulantes,
1977 1553 2106 1612 per-

177 1623 294 1692 fidi,
322 1623 583 1702 improbi,
611 1623 889 1683 malitiosi.
971 1623 1213 1682 Nullum
1238 1624 1414 1704 igitur
1439 1642 1640 1685 eorum
1663 1623 1886 1685 factum
1910 1629 2107 1703 potest

178 1713 319 1773 utile
345 1731 491 1782 esse,
522 1733 655 1772 cum
682 1713 755 1772 sit
780 1720 871 1774 tot
896 1713 1047 1772 vitiis
1071 1714 1446 1794 inquinatum.
1844 1755 1857 1766 -

254 1893 389 1952 XV.
420 1891 637 1963 Quodsi
652 1891 979 1970 Aquilliana
994 1893 1246 1952 definitio
1264 1911 1401 1954 vera
1421 1900 1526 1962 est,
1541 1913 1616 1953 ex
1635 1893 1788 1953 omni
1805 1894 1924 1952 vita
1937 1893 2110 1954 simu·

178 1984 317 2044 latio
342 1983 830 2060 dissimulatioque
856 1983 1111 2042 tollenda
1136 1991 1241 2044 est.
1325 1985 1418 2043 Ita
1457 2001 1561 2042 nec
1602 1989 1668 2041 ut
1711 1988 1866 2042 emat
1889 1983 2108 2052 melius,

180 2095 293 2135 nec
320 2082 387 2134 ut
415 2073 641 2141 vendat,
660 2073 963 2152 quicquam
984 2073 1273 2137 simulabit
1292 2079 1396 2133 aut
1413 2071 1790 2133 dissimulabit
1803 2072 1889 2133 vir
1904 2073 2106 2133 bonus.

176 2167 379 2244 Atque
404 2166 511 2224 iste
539 2165 705 2223 dolus
730 2166 913 2223 malus
940 2172 1001 2223 et
1026 2165 1250 2245 legibus
1289 2170 1416 2222 erat
1438 2162 1774 2231 vindicatus,
1811 2162 1905 2239 (ut
1929 2162 2112 2223 tutela
2137 2168 2174 2221 2

178 2256 481 2315 duodecim
498 2255 723 2331 tabuliS,
738 2255 1181 2333 circumscriptio
1200 2254 1646 2313 adolescentium
1657 2253 1788 2331 lege
1797 2251 2110 2332 Plaetoria,)

177 2354 239 2405 et
254 2347 375 2405 sine
389 2345 773 2425 legejudieiis,
790 2344 1069 2422 inquibus
1084 2344 1316 2404 additur
1361 2362 1450 2401 nx
1491 2362 1662 2403 rum
1709 2361 1928 2402 Boiu.
1996 2342 2110 2401 Re-
2138 2348 2174 2401 3

176 2436 463 2515 liquorum
487 2441 681 2493 autem
703 2434 1047 2512 judiciorum
1072 2435 1197 2495 haec
1217 2434 1396 2493 verba
1422 2434 1665 2493 maxime
1691 2433 2010 2494 excellunt:
2049 2432 2112 2491 in

177 2526 411 2585 arbitrio
434 2525 517 2583 rei
542 2524 768 2593 uxoriae,
809 2544 1089 2585 namus
1139 2542 1473 2590 aomos:
1513 2524 1573 2583 in
1597 2524 1824 2592 fiducia,
1872 2542 1957 2583 σι·
2007 2535 2110 2583 ιιι·-

176 2634 319 2675 rna
372 2634 617 2675 nonos
670 2634 865 2673 naun
914 2633 1163 2675 nomn.
1247 2614 1398 2685 Quid
1419 2615 1599 2693 ergo?
1637 2620 1738 2673 aut
1761 2614 1820 2673 in
1845 2632 1933 2683 eo,
1953 2614 2110 2692 quod
2138 2616 2179 2671 4

176 2724 450 2765 nauus
504 2723 815 2771 memus,
860 2712 1051 2781 potest
1070 2704 1187 2763 ulla
1206 2722 1340 2782 pars
1359 2704 1542 2765 inesse
1560 2704 1813 2766 fraudis?
1841 2711 1960 2771 aut,
1979 2722 2114 2765 cum

180 2795 387 2855 dicitur
424 2812 649 2853 nvi-nn
693 2812 925 2853 nonos
970 2812 1157 2853 anun
1200 2814 1454 2863 Aonia,
1483 2793 1786 2872 quicquam
1801 2792 2113 2871 agidolose

176 2893 281 2945 aut
305 2884 583 2943 malitiose
610 2891 805 2963 potest
820 2885 848 2943 ‘2
929 2884 1113 2943 Dolus
1140 2892 1336 2944 autem
1362 2885 1548 2943 malus
1567 2883 1628 2941 in
1647 2882 2024 2950 simulatione,
2042 2888 2110 2942 ut
2137 2890 2175 2943 5

176 2976 257 3035 ait
274 2974 583 3053 Aquillius,
606 2974 941 3034 continetur.
1021 2974 1360 3033 Tollendum
1387 2980 1478 3031 est
1501 2973 1675 3051 igitur
1693 2990 1766 3031 ex
1784 2971 1958 3030 rebus
1977 2990 2110 3031 con·

176 3064 471 3125 trahendis
490 3082 658 3123 omne
676 3064 1055 3123 mendacium.
1136 3064 1274 3122 Non
1291 3063 1683 3121 inlicitatorem
1699 3060 1976 3130 venditor,
1997 3080 2112 3121 non
2138 3067 2175 3121 6

174 3156 277 3235 qui
316 3162 519 3215 contra
554 3154 872 3223 reliceatur,
900 3161 1127 3233 emptor
1164 3159 1434 3232 apponet.
1515 3152 1790 3229 Uterque,
1819 3151 1868 3211 si
1891 3151 1970 3211 ad
1997 3151 2112 3211 elo·

176 3246 475 3325 quendum
502 3244 735 3313 venerit,
764 3264 881 3303 non
907 3246 1056 3324 plus,
1078 3263 1254 3323 quam
1279 3242 1472 3313 semel,
1494 3242 1806 3321 eloquetur.
1887 3242 1958 3313 Q.
1987 3242 2110 3321 qui·
2141 3242 2200 3327 ’1,

175 3337 313 3396 dem
343 3333 622 3403 Scaevola,
648 3336 719 3395 P.
747 3334 835 3403 F„
864 3354 997 3393 cum
1038 3334 1404 3413 postulasset,
1433 3339 1500 3393 ut
1539 3333 1648 3393 sibi
1682 3332 1915 3401 funduS,
1946 3333 2114 3412 cujus

175 3434 403 3505 emptor
442 3431 585 3494 erat,
626 3425 805 3484 semel
846 3425 1207 3493 indicaretur,
1234 3424 1410 3501 idque
1449 3424 1710 3483 venditor
1747 3423 1828 3484 ita
1865 3423 2112 3492 fecisset,

174 3518 339 3585 dixit,
368 3534 433 3575 se
460 3514 639 3594 pluris
666 3515 979 3573 aestimare:
1020 3514 1241 3574 addidit
1269 3521 1500 3575 centum
1539 3515 1706 3573 milia.
1788 3514 1976 3573 Nemo
2003 3518 2108 3580 est,
2153 3518 2188 3569 8

175 3607 275 3686 qui
317 3607 431 3667 hoc
458 3606 563 3667 viri
601 3606 735 3665 boni
777 3606 951 3665 fuisse
990 3610 1197 3684 neget3
1238 3604 1528 3682 sapientis,
1553 3611 1800 3683 negant:
1841 3609 1910 3661 ut
1934 3601 1983 3660 si
2005 3601 2111 3661 mi-

172 3696 349 3767 noris,
376 3714 553 3777 quam
592 3695 893 3776 potuisset,
924 3694 1290 3755 vendidisset.
1371 3694 1516 3755 Haec
1541 3694 1718 3774 igitur
1743 3698 1832 3753 est
1857 3692 1955 3751 illa
1980 3708 2109 3771 per-
2138 3694 2177 3751 0
