2484 4175
841 317 1012 359 mnu
1037 318 1123 379 1115
1205 320 1341 365 car.
1371 322 1517 361 xm.
2077 310 2187 369 111

147 442 342 520 inquit
355 436 576 505 Affius.
629 444 720 505 At
737 446 830 505 cui
846 448 1072 525 regno?
1128 448 1301 518 Quod
1318 467 1357 507 a
1375 450 1615 509 Tantalo
1634 455 1697 509 et
1712 432 1931 530 Pelope
1950 471 2081 531 pro-

147 531 346 591 ditum
365 534 495 611 jure
525 534 906 596 obtinebatur.
987 537 1142 595 Nam
1167 544 1385 615 quanto
1412 539 1607 617 plures
1642 541 1697 599 ei
1732 541 1855 619 regi
1894 548 2083 619 putas,
2114 549 2187 603 18

145 621 259 699 qui
296 623 548 683 exercitu
587 626 785 703 populi
822 626 1066 685 Romani
1104 628 1385 705 populum
1421 628 1611 705 ipsum
1634 631 1955 689 Romanum
1980 650 2083 710 op·
2174 666 2181 675 -

149 712 472 789 pressisset,
503 714 900 792 civitatemque
939 734 1054 775 non
1099 716 1273 775 modo
1314 717 1565 786 liberam,
1592 719 1698 778 sed
1736 720 1907 779 etiam
1943 740 2082 799 gen·
2159 719 2164 723 ’

147 801 312 859 tibus
337 802 726 881 imperantem,
749 805 958 864 servire
984 806 1090 865 sibi
1116 806 1400 884 coegisset
1415 808 1443 866 ‘2
1500 808 1671 867 Hune
1696 815 1765 867 tu
1780 827 1924 887 quas
1952 829 2082 869 con-
2178 868 2187 875 .

153 891 408 950 wienfiae
455 892 616 951 labes
658 893 718 951 in
762 894 950 955 animo
995 914 1192 955 censes
1245 895 1513 955 habuisse
1531 897 1559 955 ἱ)
1620 914 1753 975 quae
1798 898 2079 959 vulnera?

153 979 344 1059 Cujus
383 988 576 1041 autem
611 982 730 1041 vita
769 982 880 1061 ipsi
916 990 1110 1062 potest
1146 984 1299 1045 utilis
1340 1003 1480 1053 esse,
1510 1004 1643 1045 eum
1686 986 1815 1065 ejus
1839 987 1973 1045 vitae
2010 1008 2081 1047 ea
2110 995 2183 1049 14

152 1070 406 1131 aonditio
441 1072 534 1141 sit,
562 1078 648 1139 ut,
677 1073 776 1149 qui
813 1072 970 1131 illam
1008 1074 1295 1151 eripuerit,
1323 1074 1383 1132 in
1418 1074 1665 1133 maxima
1688 1082 1749 1135 et
1782 1077 1970 1153 gratia
1994 1078 2081 1137 fu-

151 1166 322 1219 turus
347 1161 418 1219 sit
443 1168 504 1219 et
527 1161 760 1239 gloria?
830 1162 1048 1233 Quodsi
1071 1164 1198 1222 haec
1221 1163 1383 1223 uti-lia
1414 1183 1531 1223 non
1564 1171 1715 1234 sunt,
1744 1184 1875 1243 quae
1904 1166 2080 1225 maxi-
2112 1173 2187 1227 15

149 1270 246 1309 me
273 1250 554 1319 videntur,
580 1251 714 1329 quia
751 1252 922 1330 plena
959 1260 1094 1311 sunt
1119 1252 1413 1313 dedecoris
1452 1272 1519 1312 ac
1551 1254 1915 1331 turpitudinis
1937 1274 1952 1322 ;
1992 1274 2081 1315 sa-

151 1340 228 1399 tis
267 1358 604 1418 persuasum
643 1360 768 1401 esse
807 1342 998 1412 debet,
1034 1342 1172 1403 nihil
1209 1361 1337 1403 esse
1374 1343 1532 1413 utile,
1558 1342 1717 1422 quod
1752 1362 1869 1403 non
1906 1344 2081 1405 hone·

147 1437 310 1489 stum
335 1430 424 1489 sit,

230 1608 424 1668 XXII.
465 1609 828 1687 Quamquam
853 1608 914 1670 id
933 1609 1181 1688 quidem,
1205 1630 1337 1670 cum
1364 1630 1521 1689 saepe
1548 1612 1703 1682 alias,
1726 1619 1849 1673 tum
1872 1613 2081 1693 Pyrrhi

151 1699 306 1759 bello
333 1718 370 1757 a
395 1699 462 1759 Ο.
491 1699 768 1769 Fabricio,
795 1700 1027 1759 consule
1051 1700 1277 1770 iterum,
1306 1707 1367 1760 et
1392 1720 1429 1758 a
1462 1708 1664 1761 senatu
1701 1710 1897 1764 nostro
1930 1705 2081 1783 judi-

149 1796 348 1849 satum
373 1795 478 1847 est.
561 1789 714 1848 Cum
741 1790 892 1847 enim
916 1808 1019 1847 rex
1049 1790 1308 1867 Pyrrhus
1338 1791 1553 1869 populo
1577 1793 1841 1853 Romano
1865 1795 2079 1854 bellum
2108 1801 2144 1855 2

151 1879 308 1938 ultro
331 1878 626 1948 intulisset,
657 1898 900 1956 cumque
929 1879 1002 1939 de
1029 1879 1265 1957 imperio
1291 1887 1577 1939 certamen
1604 1889 1756 1941 esset
1788 1902 1919 1941 eum
1944 1903 2081 1963 rege

143 1988 432 2048 generoso
455 1988 526 2029 ac
550 1975 811 2047 potente;
854 1969 1097 2048 perfuga
1123 1969 1198 2029 ab
1225 1988 1297 2029 eo
1321 1969 1477 2029 venit
1513 1970 1573 2029 in
1607 1977 1793 2031 castra
1819 1972 2078 2042 Fabricii,

99 2078 110 2088 ·
145 2059 319 2138 eique
365 2065 456 2119 est
501 2058 800 2138 pollicitus,
849 2059 898 2119 si
943 2059 1240 2138 praemium
1286 2059 1393 2120 sibi
1439 2060 1843 2139 proposuisset,
1894 2080 1971 2131 se,
2014 2067 2083 2122 ut

143 2150 304 2209 elam
328 2149 591 2219 venisset,
619 2149 700 2209 sic
740 2149 888 2209 clam
924 2149 983 2208 in
1009 2150 1219 2228 Pyrrhi
1258 2157 1443 2208 castra
1482 2150 1811 2219 rediturum,
1850 2157 1909 2208 et
1948 2170 2080 2210 eum

143 2259 370 2298 veneno
394 2246 743 2299 necaturum.
825 2239 996 2298 Hunc
1023 2238 1313 2298 Fabricius
1340 2239 1731 2300 reducendum
1760 2239 1979 2298 curavit
2002 2241 2079 2300 ad

150 2330 474 2408 Pyrrhum:
515 2329 688 2407 idque
713 2329 840 2407 ejus
863 2329 1083 2388 factum
1109 2329 1408 2389 laudatum
1434 2348 1473 2386 a
1497 2335 1699 2388 senatu
1723 2335 1827 2388 est.
1894 2329 2079 2408 Atqui
2106 2339 2143 2391 3

145 2420 198 2480 si
237 2420 488 2498 speciem
525 2419 781 2478 utilitatis
821 2419 1253 2498 opinionemque
1291 2417 1615 2496 quaerimus,
1641 2437 1912 2498 magnum
1937 2418 2079 2480 illud

149 2510 368 2571 bellum
407 2509 652 2588 perfuga
688 2529 838 2568 unus
869 2516 929 2568 et
967 2528 1202 2588 gravem
1236 2508 1621 2566 adversarium
1644 2507 1864 2586 imperii
1888 2517 2077 2570 sustu-

147 2599 342 2662 lisset:
381 2598 488 2658 sed
511 2617 788 2678 magnum
816 2598 1066 2658 dedecus
1093 2605 1152 2656 et
1181 2597 1475 2677 flagitium,
1496 2597 1724 2675 quicum
1749 2598 1933 2658 laudis
1958 2619 2077 2660 cer-

145 2696 346 2750 tamen
395 2689 616 2758 fuisset,
669 2707 803 2747 eum
855 2707 968 2747 non
1019 2688 1247 2756 virtute,
1303 2687 1408 2746 sed
1460 2686 1673 2745 scelere
1726 2695 2074 2766 superatum.

151 2780 366 2838 Utrum
403 2778 578 2856 igitur
605 2778 796 2838 utilius
823 2775 914 2836 vel
953 2776 1226 2846 Fabrici0‚
1257 2777 1357 2854 qui
1380 2776 1509 2835 talis
1535 2777 1592 2836 in
1617 2776 1725 2835 hac
1752 2777 1909 2845 urbe,
1939 2797 2077 2855 qua-
2103 2785 2142 2838 4

141 2868 214 2928 lis
257 2867 545 2926 Aristides
585 2867 832 2925 Athenis
869 2866 994 2937 fuit,
1023 2867 1116 2926 vel
1155 2867 1375 2926 senatui
1412 2873 1624 2934 nostre,
1653 2865 1751 2941 qui
1788 2884 2080 2942 nunquam

149 2958 458 3016 utilitatem
497 2976 534 3014 a
558 2955 831 3036 dignitate
871 2957 1136 3035 sejunxit,
1163 2957 1336 3016 armis
1378 2975 1509 3014 cum
1545 2956 1711 3013 hoste
1738 2959 1973 3022 certare,
2001 2973 2077 3014 an

149 3042 382 3105 venenis
400 3046 428 3104 ἱ)
509 3045 575 3104 si
599 3044 798 3125 gloriae
825 3064 996 3104 causa
1021 3046 1321 3125 imperium
1348 3043 1733 3124 expetendum
1758 3047 1864 3110 est,
1893 3043 2075 3102 scelus
2104 3053 2139 3108 5

141 3137 319 3205 absit,
347 3135 407 3193 in
431 3155 548 3213 quo
573 3155 688 3194 non
713 3143 906 3214 potest
937 3155 1062 3195 esse
1099 3137 1312 3216 gloria:
1356 3135 1441 3194 sin
1466 3135 1608 3213 ipsae
1635 3149 1775 3210 opes
1802 3140 2075 3210 expetun-

145 3233 244 3284 tur
283 3244 518 3303 quoquo
557 3225 748 3294 mode,
788 3245 902 3284 non
947 3233 1214 3304 poterunt
1260 3225 1426 3284 utiles
1475 3243 1601 3284 esse
1648 3244 1781 3282 cum
1830 3222 2075 3284 infamia.

143 3315 288 3374 Non
311 3313 491 3394 igitur
516 3315 666 3374 utilis
693 3315 790 3372 illa
815 3315 880 3374 L.
909 3314 1176 3394 Philippi,
1207 3314 1277 3385 Q„
1308 3315 1393 3382 F„
1424 3314 1733 3373 sententia:
1776 3335 1919 3394 quas
1947 3314 2075 3376 civi-
2105 3320 2141 3374 6

143 3412 300 3464 tates
343 3404 412 3462 L.
441 3404 618 3474 Sulla,
649 3405 889 3484 pecunia
929 3411 1184 3482 accepta,
1211 3423 1286 3462 ex
1324 3410 1552 3468 senatus
1590 3405 1851 3464 consulto
1876 3405 2076 3464 libera-

143 3493 344 3562 visset,
375 3500 444 3553 ut
483 3513 570 3552 eoe
607 3513 805 3552 rursus
831 3494 1140 3572 vectigales
1180 3499 1386 3560 essent,
1427 3511 1612 3568 neque
1650 3493 1717 3550 iis
1758 3494 2074 3570 pecuniam,

142 3603 326 3661 quam
353 3602 462 3661 pro
487 3583 750 3644 libertate
772 3583 1061 3650 dederant,
1083 3581 1465 3640 redderemus
1534 3581 1640 3640 Est
1659 3582 1712 3640 ei
1736 3588 1964 3640 senatus
1989 3599 2077 3637 as·
2106 3577 2141 3640 '1

141 3692 372 3733 sensus.
437 3673 634 3752 Turpe
657 3671 910 3751 imperio,
977 3672 1297 3732 Piratarum
1324 3669 1471 3730 enim
1496 3670 1693 3730 melior
1718 3668 1878 3738 fides,
1905 3687 2079 3747 quam
