2484 4175
865 343 872 348 .
931 307 1106 348 usna
1133 309 1200 348 11.
1282 307 1419 351 oar.
1448 307 1614 350 xxm.
2214 296 2295 354 8⁸

243 437 410 496 ranni
450 435 776 506 existerent,
819 444 882 497 et
919 436 1226 516 optimates
1268 437 1795 508 exterminarentur,
1842 445 1905 499 et
1951 439 2189 518 procla-

241 527 464 586 rissime
491 525 800 586 constituta
824 547 918 586 res
941 526 1174 606 publica
1197 527 1559 588 dilaberetur.
1628 529 1755 590 Nec
1781 547 1919 590 vero
1942 529 2073 608 ipsa
2096 547 2187 588 so·
2216 537 2255 590 3

241 616 369 676 lum
410 616 632 686 cecidit,
661 617 766 676 sed
790 617 964 676 etiam
1007 615 1285 696 reliquam
1328 618 1611 678 Graeciam
1648 618 1853 680 evertit
1894 619 2189 698 contagio·

241 707 416 766 nibus
458 707 760 776 malorum,
805 725 938 785 quae
987 725 1024 764 a
1074 705 1525 768 Lacedaemoniis
1567 708 1841 788 profectae
1885 715 2189 770 manarunt

242 795 434 854 latius.
515 796 712 866 Quid.
689 796 718 838 ⁹
770 803 996 856 nostros
1041 797 1353 866 Gracchos,
1396 797 1478 857 Ti.
1524 797 1789 869 Gracchi,
1816 799 2029 860 summi
2066 799 2188 870 viri,
2215 803 2254 858 4

243 885 409 953 filios,
453 885 712 945 Africani
765 893 1022 965 nepotes,
1063 903 1250 946 nonne
1292 887 1533 967 agrariae
1571 889 1959 949 contentiones
2000 889 2189 968 perdi·

242 976 498 1038 derunt?
559 977 646 1036 Αι
674 994 810 1035 vero
835 976 1055 1034 Aratus
1083 975 1381 1055 Sicyonius
1418 977 1551 1056 jure
1592 977 1881 1048 laudatur,
1910 978 2027 1058 qui,
2055 995 2189 1040 cum
2216 985 2253 1040 5

242 1068 372 1146 ejus
419 1067 616 1126 civitas
661 1066 1106 1145 quinquaginta.
1113 1083 1293 1124 annos
1332 1084 1369 1124 a
1406 1067 1663 1146 tyrannis
1708 1074 2015 1138 teneretur,
2057 1086 2188 1147 pro·

239 1159 432 1218 fectus
457 1156 638 1235 Argis
663 1155 987 1234 Sicyonem,
1017 1155 1373 1217 clandestino
1410 1156 1645 1216 introitu
1668 1159 1813 1218 urbe
1838 1165 1928 1218 est
1953 1157 2187 1236 potitus.

243 1248 511 1326 Cumque
536 1254 842 1350 tyrannum
870 1245 1162 1306 Nicoclem
1202 1245 1511 1325 improviso
1536 1247 1929 1325 oppressisset,
1958 1265 2189 1308 sexcen

241 1345 336 1398 tos
361 1338 576 1405 exules,
605 1336 704 1414 qui
725 1336 1158 1416 locupletissimi
1198 1336 1429 1396 fuerant
1470 1336 1596 1416 ejus
1637 1337 1895 1407 civitatis,
1922 1337 2187 1408 restituit,

241 1447 480 1506 remque
508 1426 797 1529 publicam
823 1426 1078 1486 adventu
1103 1445 1210 1486 suo
1235 1426 1511 1486 liberavit.
1597 1427 1717 1487 Sed
1746 1447 1880 1486 cum
1918 1445 2189 1508 magnam
2215 1433 2254 1490 0

242 1517 759 1577 animadverteret
744 1535 803 1574 ιιι
827 1517 992 1576 bonis
1025 1522 1090 1576 et
1113 1516 1567 1595 possessionibus
1594 1517 2005 1587 difficultatem,
2022 1515 2191 1596 quod

242 1615 304 1667 et
332 1627 450 1676 eos,
479 1627 624 1710 quos
651 1606 775 1710 ipse
801 1606 1148 1676 restituerat,
1175 1624 1423 1684 quorum
1461 1607 1617 1668 bona
1638 1607 1755 1668 aliu
1795 1608 2188 1688 possederant,

241 1717 416 1778 egere
443 1697 856 1776 iniquissimum
893 1715 1020 1756 esse
1059 1697 1463 1767 arbitrabanu,
1492 1703 1553 1756 et
1578 1697 1989 1779 quinquaginta
2014 1716 2187 1757 anno-

241 1808 376 1848 rum
401 1787 784 1866 possessiones
809 1805 1040 1846 movere
1064 1805 1181 1846 non
1204 1786 1373 1846 nimis
1392 1806 1627 1866 aequum
1646 1789 1909 1866 putabat,
1926 1794 2189 1868 propter-

242 1897 316 1937 ea
333 1877 492 1956 quod
515 1884 638 1936 tam
663 1877 838 1956 longo
865 1876 1052 1955 spatio
1078 1877 1261 1936 multa
1287 1876 1719 1947 hereditatibus,
1736 1877 1920 1936 multa
1945 1877 2187 1957 emptio·

242 1968 432 2036 nibus,
459 1967 644 2026 multa
669 1966 902 2027 dotibus
941 1967 1283 2028 tenebantur
1324 1967 1447 2026 sine
1488 1967 1725 2047 injuria:
1762 1967 2061 2046 judicavit,
2088 1985 2187 2027 no-

243 2077 360 2139 que
385 2058 496 2117 illis
522 2057 714 2127 adimi,
741 2076 928 2136 neque
953 2057 1046 2117 his
1085 2076 1202 2117 non
1239 2058 1517 2128 satisfieri,
1546 2075 1793 2137 quorum
1816 2057 1915 2117 illa
1939 2057 2187 2127 fuerant,

243 2157 530 2229 oportere.
599 2149 750 2207 Cum
774 2148 949 2228 igitur
973 2148 1289 2219 statuisset,
1309 2168 1457 2228 opus
1482 2166 1609 2208 esse
1634 2147 1713 2207 ad
1739 2166 1867 2207 eam
1891 2166 2013 2207 rem
2053 2166 2187 2207 con·
2216 2146 2251 2209 '1

243 2238 596 2299 stituendam
641 2238 902 2318 pecunia,
950 2238 1363 2299 Alexandriam
1408 2257 1472 2297 se
1520 2236 1800 2318 proficisci
1838 2237 1986 2319 {elle
2024 2236 2187 2308 dixit,

243 2348 482 2407 remque
505 2330 786 2408 integram
803 2327 882 2417 ad
901 2328 1148 2387 reditum
1175 2348 1347 2387 suum
1366 2328 1541 2408 jussit
1566 2346 1725 2387 esse:
1753 2327 1913 2407 isque
1934 2325 2191 2387 celeriter

243 2419 322 2479 ad
368 2418 768 2487 Ptolemaeum,
817 2438 988 2478 suum
1032 2418 1337 2497 hospitem,
1379 2406 1550 2488 venit,
1590 2419 1689 2499 qui
1733 2425 1859 2477 tum
1903 2418 2191 2497 regnabat

243 2510 394 2569 alter
435 2515 570 2587 post
611 2508 1023 2567 Alexandriam
1059 2508 1382 2569 conditam:
1425 2508 1517 2568 cui
1542 2528 1675 2569 cum
1702 2510 2061 2587 exposuisset
2085 2526 2187 2586 pa-
2216 2512 2255 2567 8

242 2600 414 2659 triam
441 2619 503 2658 se
529 2599 766 2661 liberare
789 2600 956 2669 velle,
983 2618 1331 2677 causamque
1358 2599 1663 2669 docuisset,
1692 2618 1729 2658 a
1752 2618 1891 2679 rege
1915 2598 2191 2678 opulento

243 2691 332 2751 vir
358 2709 616 2749 summus
641 2689 806 2749 facile
833 2690 1177 2769 impetravit,
1205 2696 1273 2749 ιιι
1297 2688 1503 2769 grandi
1529 2689 1773 2769 pecunia
1796 2689 2185 2769 adjuvaretur.

245 2781 438 2853 Quam
481 2800 614 2839 cum
657 2779 962 2859 Sicyonem
1003 2779 1310 2849 attulisset,
1348 2778 1612 2839 adhibuit
1652 2778 1761 2838 sibi
1794 2778 1853 2837 in
1892 2777 2187 2838 consilium
2213 2781 2251 2837 9

244 2869 572 2950 quindecim
613 2869 918 2949 principes,
945 2890 1078 2929 cum
1105 2870 1317 2948 quibus
1360 2888 1563 2928 causas
1592 2867 1859 2947 cognovit
1882 2874 1944 2925 et
1968 2884 2187 2934 eorum,

243 2960 347 3039 qui
372 2960 559 3019 aliena
585 2960 873 3028 tenebant,
889 2966 952 3019 et
977 2978 1194 3028 eorum,
1211 2959 1313 3037 qui
1340 2978 1446 3017 sua
1470 2957 1809 3017 amiserant:
1836 2953 2189 3034 perfecitque

245 3049 598 3109 aestimandis
624 3048 1092 3128 possessionibus,
1123 3054 1190 3108 ut
1216 3048 1591 3128 persuaderet
1628 3046 1767 3115 aliis,
1795 3051 1865 3104 ut
1889 3044 2191 3123 pecuniam

243 3140 507 3219 accipere
551 3138 806 3209 mallent,
836 3139 1290 3219 possessionibus
1332 3136 1634 3198 cederent:
1675 3136 1815 3206 aliis,
1842 3143 1912 3197 ut
1938 3153 2189 3195 commo·

246 3229 377 3290 dius
420 3236 710 3309 putarent,
737 3230 1026 3289 numerari
1064 3229 1187 3298 sibi,
1225 3228 1383 3306 quod
1424 3227 1569 3286 tanti
1608 3233 1779 3296 esset,
1806 3245 1981 3305 quam
2019 3244 2191 3285 suum

244 3338 604 3399 recuperare.
667 3320 760 3378 Ita
788 3320 1110 3399 perfectum
1132 3326 1239 3387 est,
1263 3324 1329 3378 nt
1350 3336 1545 3377 omnes
1565 3316 1867 3377 concordia
1883 3316 2191 3376 constituta

245 3410 368 3469 sine
394 3409 630 3488 querela
655 3409 1027 3469 discederent.
1112 3408 1163 3466 O
1180 3408 1365 3467 virum
1384 3426 1675 3487 magnum,
1694 3406 2061 3487 dignumque,
2088 3403 2189 3480 qui
2219 3408 2293 3461 10

245 3498 302 3559 in
327 3518 392 3557 re
420 3497 651 3577 publica
675 3506 870 3559 nostra
894 3505 1064 3557 natus
1091 3504 1242 3557 esset
1266 3498 1279 3557 Ξ
1327 3497 1423 3557 Sic
1450 3517 1557 3576 par
1582 3504 1671 3557 est
1696 3515 1868 3577 agere
1896 3514 2028 3553 cum
2054 3492 2186 3552 civi-

245 3588 378 3656 bus,
397 3606 514 3647 non
540 3585 634 3668 (ut
658 3589 746 3648 bis
767 3588 891 3667 jam
917 3586 1186 3667 vidimus)
1213 3588 1443 3647 hastam
1468 3588 1527 3646 in
1551 3587 1676 3647 foro
1704 3603 1931 3666 ponere,
1950 3589 2010 3642 et
2034 3582 2187 3641 bona

247 3675 458 3739 civium
491 3677 618 3739 voci
653 3678 936 3756 subjicere
981 3677 1280 3758 praeconis.
1363 3677 1449 3736 At
1488 3677 1585 3737 ille
1626 3677 1887 3745 Graecus,
1926 3672 1989 3733 id
2026 3670 2187 3752 quod
