2484 4175
180 284 259 339 84
1016 296 1095 335 nn
1124 294 1386 338 ornans

282 425 394 486 fuit
419 424 689 505 sapientis
708 431 768 483 et
788 425 1114 503 praestantis
1130 424 1252 492 viri,
1274 422 1534 482 omnibus
1557 406 1966 483 consulendum
1982 421 2208 501 putavit

182 523 254 578 11
286 518 485 594 anue
512 522 601 573 est
626 534 851 575 summa
878 516 1023 573 ratio
1042 522 1104 574 et
1130 514 1408 594 sapientia
1433 515 1569 572 boni
1597 513 1748 583 civia
1773 513 2074 571 commoda
2089 512 2239 571 civi-

284 626 385 665 um
429 625 545 664 non
592 606 875 674 divellere,
918 612 1091 683 atque
1131 624 1329 663 omnes
1371 603 1638 681 aequitate
1677 604 1880 663 eadem
1921 603 2235 661 continere.

86 766 93 771 ,
184 704 255 758 12
286 697 566 755 Habitent
606 696 785 775 gratis
826 696 886 753 in
924 696 1109 754 alieno
1129 695 1157 753 ‘2
1240 694 1392 765 Quid
1431 695 1513 752 ita
1533 695 1562 752 2
1643 694 1746 761 Ut,
1779 713 1910 752 cum
1937 711 2046 771 ego
2073 710 2237 750 eme-

285 787 411 855 rim,
436 786 783 854 aedificmim,
804 792 987 853 tuear,
1008 782 1358 863 impendam,
1382 790 1464 853 tu,
1493 802 1586 841 me
1613 784 1804 852 invite,
1833 784 2023 842 fruare
2049 801 2186 841 meo
2205 783 2239 841 ⁸?

288 875 441 947 Quid
467 883 557 933 est
580 874 739 933 aliud
764 874 888 934 aliis
915 894 1020 933 sua
1046 874 1282 952 eripere,
1311 874 1432 932 aliis
1461 873 1599 931 dare
1625 873 1808 931 aliena
1827 874 1856 932 ἱ)

187 972 259 1025 18
340 965 579 1025 Tabulae
597 984 733 1025 vero
759 984 923 1023 novae
950 964 1089 1043 quid
1116 964 1690 1042 habent-argumenti,
1709 963 1816 1021 nisi
1833 968 1902 1020 ut
1921 980 2076 1020 emas
2094 980 2241 1020 mea

287 1056 529 1135 pecunia
570 1055 846 1125 fundum;
888 1074 1023 1113 eum
1064 1061 1133 1113 tu
1170 1054 1404 1123 habeam
1433 1072 1544 1133 ego
1581 1072 1698 1112 non
1723 1054 1968 1113 habeam
1995 1053 2238 1131 pecuni-

288 1164 382 1203 am
402 1147 431 1204 ‘2
486 1146 705 1205 XXIV.
737 1147 925 1216 Quam
945 1146 1021 1204 ob
1039 1162 1161 1203 rem
1181 1163 1255 1202 ne
1275 1145 1347 1202 sit
1370 1162 1447 1202 ωε
1471 1144 1732 1213 alienum,
1750 1143 1906 1221 quod
1931 1143 2012 1201 rei
2039 1144 2239 1221 publi-

290 1254 373 1296 coe
400 1245 620 1307 noceat,
650 1235 1066 1316 providendum
1094 1242 1215 1305 est;
1261 1233 1442 1315 (quod
1483 1234 1680 1293 multis
1705 1234 2014 1293 rationibus
2041 1234 2241 1293 caveri

290 1334 483 1405 potest
500 1326 541 1406 :)
570 1346 701 1395 non,
732 1328 780 1385 si
804 1327 993 1394 fuerit,
1022 1333 1093 1384 ut
1115 1325 1435 1404 locupletes
1463 1344 1630 1383 suum
1658 1324 1920 1403 perdant,
1943 1324 2241 1386 debitores

224 1422 261 1475 2
290 1417 582 1476 lucrentur
606 1417 868 1475 alienum.
950 1416 1076 1475 Nec
1104 1416 1256 1473 enim
1281 1416 1401 1473 ulla
1438 1434 1532 1475 res
1557 1415 1947 1473 vehementius
1971 1432 2094 1472 rem
2119 1432 2240 1492 pu·-

244 1540 267 1561 „·
289 1506 496 1565 blicam
522 1506 790 1574 continet,
820 1524 995 1584 quam
1021 1505 1197 1563 fides:
1238 1522 1368 1583 quae
1396 1524 1522 1563 esse
1547 1504 1704 1563 nulla
1744 1510 1952 1583 potest,
1981 1504 2089 1562 nisi
2117 1503 2240 1563 erit

226 1604 262 1657 3
288 1596 610 1655 necessaria
636 1594 845 1653 solutio
870 1613 1063 1653 rerum
1085 1594 1444 1653 creditarum.
1505 1595 1819 1673 Nunquam
1839 1594 2241 1654 vehementius

292 1692 486 1744 actum
512 1692 619 1753 est,
640 1702 815 1763 quam
840 1704 935 1743 me
962 1685 1211 1753 consule,
1232 1704 1306 1743 ne
1333 1686 1663 1745 solveretur.
1727 1684 1921 1743 Armis
1941 1690 2002 1742 et
2029 1685 2242 1743 castris

292 1781 511 1834 tentata
536 1792 627 1834 res
656 1782 745 1833 est
771 1776 846 1834 ab
874 1775 1027 1833 omni
1064 1794 1274 1854 genere
1314 1775 1606 1834 hominum
1645 1782 1706 1835 et
1743 1775 1972 1835 ordine:
2019 1776 2240 1854 quibus

292 1864 373 1925 ita
413 1864 613 1933 restiti,
650 1870 719 1925 ut
752 1866 863 1924 hoc
906 1870 1133 1923 tantum
1176 1866 1392 1923 malum
1433 1865 1508 1924 de
1545 1884 1608 1923 re
1649 1864 1880 1943 publica
1917 1864 2237 1926 tolleretur.

224 1960 265 2015 4
294 1955 604 2034 Nunquam
631 1974 738 2017 nee
756 1956 946 2034 majus
968 1975 1053 2015 aes
1078 1956 1325 2015 alienum
1349 1956 1493 2025 fuit;
1520 1974 1625 2015 nec
1652 1956 1854 2015 melius
1879 1974 1986 2016 nec
2011 1956 2240 2015 facilius

292 2045 635 2106 dissolutum
662 2054 767 2106 est.
840 2044 1168 2106 Fraudandi
1188 2046 1336 2104 enim
1366 2065 1393 2104 s
1395 2064 1468 2125 pe
1489 2046 1732 2116 sublata,
1756 2046 2012 2106 solvendi
2035 2066 2239 2106 neces-

229 2145 265 2198 5
294 2137 432 2196 sitas
476 2143 783 2196 consecuta
827 2144 932 2196 est.
1015 2137 1103 2194 At
1128 2155 1268 2195 vero
1305 2137 1398 2194 hic
1439 2155 1590 2194 nunc
1617 2137 1817 2206 victor,
1845 2143 1970 2195 tum
1999 2137 2240 2215 quidem

293 2227 497 2296 victus,
526 2247 658 2304 quae
688 2227 983 2306 cogitarat,
1014 2245 1083 2284 ea
1110 2227 1366 2304 perfecit,
1396 2245 1528 2285 cum
1569 2226 1696 2306 ejus
1734 2227 1858 2306 jam
1883 2227 2021 2286 nihil
2057 2228 2239 2286 inter-

294 2323 462 2375 esset.
544 2317 727 2374 Tanta
750 2316 809 2373 in
834 2335 905 2373 eo
931 2315 1209 2394 peccandi
1247 2316 1424 2375 libido
1449 2315 1576 2384 fuit,
1605 2323 1674 2376 ut
1711 2317 1822 2376 hoc
1863 2317 2053 2396 ipsum
2097 2337 2239 2377 eum

294 2407 625 2474 delectaret,
654 2423 911 2482 peccare,
942 2405 1160 2464 etiamsi
1186 2424 1361 2464 causa
1385 2425 1500 2464 non
1527 2413 1694 2466 esset.

228 2501 269 2556 6
375 2494 475 2553 Ab
502 2495 613 2552 hoc
640 2494 817 2573 igitur
853 2513 1063 2574 genere
1100 2497 1432 2576 largitioniS‚
1459 2503 1528 2555 ut
1555 2497 1677 2555 aliis
1705 2497 1893 2566 detur,
1923 2497 2046 2556 aliis
2073 2498 2238 2557 aufe-

294 2591 470 2653 ratur,
500 2583 743 2642 aberunt
768 2585 823 2654 ii,
852 2585 949 2663 qui
975 2603 1098 2644 rem
1124 2587 1416 2664 publicam
1453 2586 1798 2646 tuebuntur:
1840 2588 1899 2646 in
1925 2589 2238 2666 primisque

296 2691 533 2752 operam
560 2673 797 2744 dabunt,
826 2682 897 2734 ut
932 2675 1077 2754 juris
1118 2683 1177 2735 et
1218 2677 1562 2754 judiciorum
1591 2672 1858 2754 aequitate
1883 2697 2053 2737 suum
2080 2679 2238 2757 quis-

296 2783 409 2844 que
434 2770 662 2834 toneat3
702 2772 763 2824 et
787 2784 972 2844 neque
998 2766 1283 2825 tenuiores
1309 2773 1547 2845 propter
1583 2767 1964 2826 humilitatem
1991 2769 2236 2828 circum-

294 2856 607 2925 veniantur,
634 2873 821 2934 neque
864 2856 1247 2934 locupletibus
1289 2857 1366 2915 ad
1407 2875 1510 2914 sua
1535 2857 1628 2915 vel
1665 2857 1914 2917 tenenda
1937 2859 2031 2918 vel
2071 2877 2234 2918 recu-

296 2946 551 3025 peranda
604 2947 757 3007 obsit
806 2947 1047 3006 invidia:
1104 2953 1388 3024 praeterea
1439 2947 1870 3026 quibuscunque
1919 2949 2094 3008 rebus
2139 2950 2237 3010 vel

296 3037 431 3096 belli
446 3038 538 3096 vel
565 3037 721 3097 domi
746 3043 1034 3116 poterunt,
1052 3055 1175 3096 rem
1196 3037 1484 3115 publicam
1511 3045 1762 3116 augeant
1785 3039 2040 3117 imperio,
2060 3040 2234 3118 agris,

235 3126 267 3185 7
297 3126 689 3204 vectigalibus.
771 3127 915 3187 Haec
958 3147 1303 3206 magnorum
1349 3127 1644 3186 hominum
1691 3135 1858 3187 sunt:
1907 3130 2034 3188 haec
2073 3130 2238 3207 apud

296 3215 545 3294 majores
570 3223 793 3274 nostros
818 3217 1112 3276 factitata:
1154 3218 1287 3276 haec
1325 3235 1538 3296 genera
1575 3217 1890 3278 officiorum
1917 3219 2015 3297 qui
2041 3237 2236 3298 perse·
2289 3235 2296 3240 ·

298 3311 568 3383 ᾳιιιιιιιιιτ,
599 3325 733 3364 cum
761 3325 985 3364 summa
1022 3307 1269 3366 utilitate
1294 3308 1377 3366 rei
1402 3308 1650 3386 publicae
1679 3327 1951 3388 magnam
1977 3309 2088 3388 ipsi
2111 3309 2237 3368 adi-

299 3395 591 3474 piscentur
618 3402 679 3453 et
704 3396 952 3474 gratiam
979 3402 1039 3454 et
1066 3397 1330 3476 gloriam.

236 3579 275 3636 8
380 3574 453 3634 In
478 3573 568 3633 his
594 3581 789 3634 autem
816 3573 1125 3634 utilitatum
1164 3576 1470 3655 praeceptis
1497 3576 1808 3657 Antipater
1832 3577 2054 3657 Tyrius,
2083 3577 2238 3640 Stoi-

301 3683 423 3734 cus,
456 3665 555 3742 qui
595 3665 843 3726 Athenis
883 3684 1067 3743 nuper
1104 3672 1195 3724 est
1232 3672 1512 3735 mortuus,
1554 3666 1672 3726 duo
1711 3669 2002 3746 proeterita
2040 3683 2242 3730 censet
