2484 4175
859 299 1036 340 uana
1062 300 1102 342 1.
1185 299 1319 342 oar.
1348 299 1597 342 mvm.
2170 282 2245 343 4¹7

207 431 546 490 muliebrem
584 427 796 488 ducere
833 429 1128 498 debemus,
1157 429 1493 510 dig-nitatem
1520 429 1755 490 virilem.
1836 429 1995 509 Engo
2018 435 2081 488 et
2107 448 2145 488 a
2172 435 2209 490 2

205 522 394 580 forma
437 526 797 579 removeatur
841 520 1024 579 omnis
1062 519 1182 578 viro
1220 539 1335 579 non
1374 520 1583 599 dignus
1622 525 1872 588 ornatus,
1910 527 1971 578 et
2008 519 2140 578 huic

207 611 388 670 simile
407 611 607 670 vitium
632 611 691 669 in
717 616 891 688 gestu
915 617 1190 688 motuque
1217 617 1503 670 caveatur.
1572 611 1727 669 Nam
1754 617 1814 668 et
1840 609 2144 688 palaestrici
2172 617 2209 668 3

205 709 402 760 motus
427 707 562 760 sunt
587 719 742 779 saepe
763 699 1086 769 odiosiores,
1109 707 1168 758 et
1193 700 1529 759 histrionum
1554 700 1807 759 nonnulli
1834 706 2033 780 gestus
2059 700 2142 759 in-

207 792 376 870 eptiis
415 809 532 850 non
556 795 798 859 vacant3
853 796 914 848 et
951 789 1011 848 in
1050 797 1293 868 utroque
1336 809 1547 869 genere
1573 807 1705 868 quae
1732 797 1867 848 sunt
1900 796 2057 848 recta
2083 796 2143 848 et

205 881 484 959 simplicia
506 880 828 940 laudantur.
907 879 1136 938 Formae
1160 885 1356 938 autem
1382 879 1631 960 dignitas
1658 880 1863 940 coloris
1888 879 2141 940 bonitate
2170 883 2207 937 4

205 971 426 1029 tuenda
443 976 566 1039 est3
593 969 750 1028 color
767 968 1259 1028 exercitationibus
1280 969 1549 1048 corporis.
1617 970 1973 1030 Adhibenda
1992 988 2141 1049 prae-
2168 978 2207 1030 5

205 1067 367 1118 terea
389 1059 670 1118 munditia
693 1065 784 1120 est
819 1077 936 1118 non
959 1057 1158 1118 odiosa
1181 1077 1373 1138 neque
1398 1060 1679 1138 exquisita
1702 1059 1885 1130 nimis,
1913 1067 2142 1120 tantum

205 1167 342 1227 quae
379 1149 567 1228 fugiat
601 1156 888 1230 agrestem
923 1154 984 1208 et
1020 1147 1383 1212 inhumanam
1420 1149 1839 1228 negligentiam.
1918 1149 2142 1210 Eadem
2170 1157 2207 1211 6

205 1239 356 1299 ratio
379 1246 472 1300 est
495 1239 763 1299 habenda
785 1239 1026 1299 vestitus
1047 1257 1062 1307 ;
1105 1237 1166 1297 in
1189 1257 1325 1317 que,
1354 1239 1502 1299 sicut
1539 1239 1599 1298 in
1637 1237 1923 1318 plerisque
1948 1239 2141 1310 rebus,
2264 1307 2273 1314 ‚

205 1327 570 1389 mediocritas
595 1329 812 1408 optima
837 1334 944 1390 est.
1013 1328 1355 1388 Cavendum
1380 1335 1575 1389 autem
1602 1336 1709 1399 est,
1736 1347 1809 1388 ne
1836 1335 1937 1388 aut
1962 1329 2138 1390 tardi·
2168 1328 2205 1392 Ἰ

204 1420 426 1478 tatibus
442 1425 674 1478 utamur
690 1419 749 1477 in
765 1419 1030 1498 ingressu
1053 1418 1420 1487 mollioribus),
1446 1425 1517 1479 ut
1542 1437 1887 1498 pomparum
1912 1419 2142 1480 ferculis

207 1509 418 1568 similes
443 1527 569 1568 esse
595 1508 924 1578 videamur3
965 1514 1068 1567 aut
1092 1508 1151 1566 in
1175 1508 1631 1568 festinationibus
1656 1510 2032 1589 suscipiamus
2057 1510 2141 1569 ni-

207 1600 354 1659 mias
377 1599 734 1658 celeritates:
777 1617 910 1677 quae
937 1617 1072 1657 cum
1095 1599 1260 1667 fiunt,
1290 1599 1574 1658 anhelitus
1600 1607 1919 1670 moventur,
1946 1601 2143 1660 vultus

205 1695 524 1758 mutantur,
552 1707 654 1747 ora
689 1695 1062 1766 torquentum
1103 1707 1175 1746 ex
1200 1689 1409 1765 quibus
1448 1709 1659 1770 magna
1694 1691 2031 1770 significatio
2056 1691 2139 1759 fit,

205 1799 326 1839 non
350 1779 550 1838 adesse
577 1779 969 1838 constantiam.
1051 1777 1170 1836 Sed
1208 1779 1391 1838 multo
1426 1780 1601 1838 etiam
1635 1781 1821 1859 magis
1848 1781 2138 1840 elaboran-
2170 1787 2206 1840 8

205 1871 353 1930 dum
380 1875 486 1938 est,
518 1887 593 1927 ne
628 1867 798 1927 animi
832 1875 1022 1926 motus
1051 1887 1086 1926 a
1111 1874 1319 1926 natura
1342 1868 1649 1928 recedant:
1691 1871 1848 1947 quod
1875 1889 2139 1948 asseque-

205 1979 358 2028 mur,
385 1959 436 2017 si
459 1958 804 2027 cavebimus,
832 1977 906 2016 ne
931 1958 988 2014 in
1016 1957 1475 2036 perturbationes
1502 1965 1675 2036 atque
1702 1959 2143 2018 examinationes

203 2047 540 2119 incidamus,
567 2041 630 2107 et
667 2047 716 2109 si
753 2054 1002 2107 attentos
1041 2047 1260 2106 animos
1295 2046 1372 2106 ad
1411 2046 1631 2107 decoris
1660 2047 2143 2109 conservationem

163 2152 166 2154 ’
203 2140 546 2199 tenebimus.
615 2138 816 2198 Motus
843 2144 1036 2197 autem
1063 2138 1381 2197 animorum
1400 2138 1661 2217 duplices
1688 2144 1835 2206 sunt,
1858 2137 2019 2196 alteri
2046 2156 2139 2197 co·
2170 2144 2208 2199 9

205 2229 516 2310 gitationis,
561 2228 728 2289 alteri
779 2228 1088 2307 appetitus.
1177 2226 1470 2307 Cogitatio
1513 2228 1572 2286 in
1610 2246 1747 2288 vero
1792 2227 2139 2306 exquirendo
2245 2222 2255 2233 ’

205 2320 456 2379 maxime
469 2326 728 2379 versatur
745 2337 758 2377 ε
787 2318 1078 2398 appetitus
1093 2317 1334 2396 impellit
1349 2318 1425 2377 ad
1442 2318 1749 2397 agendum.
1805 2317 2143 2378 Curandum

205 2416 300 2468 est
324 2408 516 2489 igitur,
541 2414 610 2469 ut
635 2409 976 2488 cogitatione
995 2406 1072 2465 ad
1098 2426 1192 2465 res
1217 2427 1393 2485 quam
1418 2408 1665 2488 optimas
1688 2415 1941 2479 utamur,-
1962 2426 2141 2488 appe-

204 2500 381 2559 titum
405 2499 608 2559 rationi
633 2499 994 2559 obedientem
1021 2497 1399 2576 praebeamus.

286 2678 595 2738 XXXVII.
635 2678 714 2737 Et
751 2678 1020 2756 q‘uoniam
1057 2696 1273 2757 magna
1310 2678 1397 2738 vis
1438 2679 1783 2738 orationis
1823 2686 1929 2749 est,
1958 2696 2141 2758 eaque

203 2767 446 2847 duplex,
469 2768 648 2827 altera
667 2768 1056 2837 contentioniS,
1079 2768 1261 2827 altera
1280 2769 1583 2827 sermonis:
1614 2769 1899 2827 eontentio
1920 2768 2141 2847 discep-

203 2858 522 2918 tationibus
541 2858 842 2917 ·u·ibuatur
875 2856 1236 2936 judiciorum,
1266 2858 1617 2926 concionum,
1644 2864 1915 2925 senatus;
1956 2876 2143 2917 sermo

199 2948 269 3007 in
285 2948 529 3016 circulis,
551 2946 1044 3026 disputationibus,
1063 2946 1558 3025 congressionibus
1576 2946 1935 3005 familiarium
1950 2962 2139 3005 verse-

199 3046 322 3107 tur,
364 3043 638 3115 sequatur
675 3037 849 3096 etiam
891 3036 1160 3113 convivia.
1245 3036 1633 3095 Contentionis
1676 3042 1969 3115 praecepta
2008 3036 2138 3095 rhe-
2168 3044 2204 3097 2

199 3136 402 3187 torum
419 3133 590 3195 sunt;
615 3126 776 3185 nulla
794 3124 1094 3186 sermonis:
1123 3142 1473 3204 quamquam
1491 3125 1650 3185 haud
1676 3125 1793 3184 scio
1820 3144 1894 3183 an
1922 3126 2141 3205 possint

197 3218 336 3275 haec
351 3235 586 3294 quoque
603 3234 746 3276 esse.
815 3215 934 3275 Sed
955 3214 1295 3275 discentium
1314 3214 1516 3274 studiis
1542 3215 1903 3275 inveniuntur
1929 3217 2141 3295 magis·
2169 3224 2205 3276 ³

196 3307 314 3367 tri:
357 3306 493 3365 huic
511 3312 709 3365 autem
728 3306 828 3384 qui
853 3306 1141 3376 studeant,
1163 3312 1299 3364 sunt
1322 3306 1495 3375 nulli3
1534 3306 1830 3365 rhetorum
1856 3308 2027 3367 turba
2053 3326 2139 3365 re·

193 3398 356 3456 ferta
395 3396 602 3455 omnia.
685 3396 1062 3475 Quamquam,
1101 3414 1236 3477 quoe
1273 3396 1579 3455 verborum
1620 3398 2139 3475 sententiarumque

191 3492 504 3567 praecepta
531 3492 682 3554 sunt,
709 3486 913 3546 eadem
939 3487 1017 3546 ad
1043 3506 1363 3547 sermonem
1398 3486 1779 3565 pertinebunt.
1861 3486 1979 3545 Sed
2007 3504 2141 3544 cum
2168 3489 2203 3543 4

191 3574 480 3637 orationis
497 3574 742 3635 indicem
759 3594 958 3635 vocem
975 3576 1293 3637 habeamus
1311 3594 1326 3645 3
1354 3576 1412 3635 in
1430 3594 1570 3635 voce
1590 3582 1783 3635 autem
1802 3574 1919 3634 duo
1938 3594 2139 3652 sequa-

185 3684 358 3737 mur,
384 3671 456 3731 us
491 3664 646 3727 clara
679 3664 772 3736 sit,
799 3670 866 3725 ut
892 3666 1118 3727 suavis:
1159 3673 1468 3744 utrumque
1494 3663 1723 3724 omnino
1749 3682 1786 3723 a
1808 3669 2013 3723 natura
2039 3682 2143 3743 pe-
