2484 4175
270 295 384 350 102
1096 303 1175 344 nn
1216 301 1474 345 orrrcns

366 437 449 496 ita
472 436 547 495 de
585 435 829 494 utilitate
854 433 1075 502 dicitur,
1107 439 1173 492 ut
1210 433 1288 502 id,
1309 432 1473 512 -quod
1499 432 1642 492 utile
1666 432 1944 504 videatur,
1971 453 2088 494 non
2129 433 2301 496 modo

366 527 553 584 facere
580 526 883 584 honestum
910 523 1001 593 sit,
1032 523 1137 582 sed
1163 523 1354 592 etiam,
1383 543 1498 582 non
1522 524 1729 593 facere,
1759 532 1946 603 turpe.
2036 526 2186 586 Haec
2213 533 2302 586 est

366 616 479 684 illa,
509 633 643 694 quae
668 615 895 674 videtur
934 615 1161 673 utilium
1200 614 1321 672 fieri
1361 633 1494 674 cum
1517 613 1772 674 honestis
1817 635 1974 693 saepe
2003 616 2298 676 dissensio,

266 711 339 766 10
367 706 511 775 Quoe
538 705 903 784 dijudicanda
928 712 1079 762 sunt.
1162 704 1221 762 N
1222 723 1300 762 on
1341 705 1512 773 enim,
1557 711 1626 762 ut
1666 723 2078 783 quaereremuS,
2121 725 2300 786 expo-

266 801 334 854 11
366 796 596 864 suimus,
640 794 744 853 sed
778 801 847 852 ut
888 794 1316 872 explicaremus,
1400 794 1534 852 Non
1573 794 1751 874 igitur
1779 794 2008 854 videtur
2031 815 2141 854 nec
2181 798 2299 856 fru-

364 885 673 944 mentarius
715 884 809 944 ille
837 884 1115 952 Rhodios,
1144 903 1250 942 nec
1291 884 1384 942 hic
1431 884 1640 944 aedium
1665 885 1929 944 venditor
1953 886 2142 944 celare
2185 906 2299 947 em-

364 982 559 1053 ptores
576 974 857 1034 debuisse.
899 974 1103 1052 Neque
1124 974 1275 1032 enim
1301 973 1360 1032 id
1383 981 1474 1033 est
1495 974 1698 1042 celare,
1727 974 1997 1052 quicquid
2023 977 2298 1036 reticeas:

362 1065 467 1124 sed
494 1085 645 1133 cum,
674 1065 830 1143 quod
870 1071 939 1123 tu
978 1065 1139 1131 scias,
1167 1064 1227 1122 id
1269 1065 1532 1143 ignorare
1577 1061 1952 1124 emolumenti
1997 1066 2086 1124 tui
2129 1085 2303 1126 causa

266 1161 335 1214 12
364 1155 501 1214 velis
528 1175 643 1224 eos,
666 1173 914 1233 quorum
934 1155 1153 1212 intersit
1178 1154 1237 1212 id
1265 1155 1427 1213 scire.
1497 1155 1626 1214 Hoc
1653 1163 1846 1214 autem
1875 1155 2100 1214 celandi
2119 1177 2304 1236 genus

363 1246 531 1323 quale
558 1246 647 1314 sit,
678 1253 737 1304 et
757 1246 928 1324 ⁸cujus
954 1245 1213 1314 hominiS,
1236 1244 1362 1322 quis
1388 1264 1505 1304 non
1522 1245 1720 1304 videt?
1765 1246 1938 1304 Certe
1955 1264 2075 1304 non
2093 1249 2300 1326 aperti,

360 1355 477 1393 non
503 1335 788 1414 simplicis,
815 1355 933 1393 non
967 1335 1217 1413 ingenui,
1247 1355 1360 1394 non
1395 1336 1556 1414 justi,
1584 1355 1701 1394 non
1726 1336 1830 1395 viri
1869 1337 2041 1396 boni:
2086 1338 2304 1398 versuti

362 1425 573 1502 potius,
610 1425 856 1493 obscuri,
884 1425 1081 1492 astuti,
1122 1425 1358 1494 fallacis,
1399 1426 1677 1495 malitiosi,
1705 1426 1910 1497 callidi,
1939 1429 2300 1498 veteratoris,

361 1515 519 1572 vafri.
602 1515 746 1572 Haec
786 1521 892 1583 tot,
937 1521 997 1572 et
1036 1514 1147 1572 alia
1186 1514 1374 1593 plura,
1418 1535 1604 1576 nonne
1643 1516 1840 1576 inutile
1889 1524 1982 1576 est
2028 1517 2303 1578 vitiorum

362 1603 551 1661 subire
576 1603 854 1662 nomina?

440 1781 605 1840 XIV.
650 1781 868 1852 Quodsi
886 1782 1264 1861 vituperandi,
1279 1784 1376 1863 qui
1391 1785 1754 1853 reticuerunt,
1771 1785 1906 1863 quid
1928 1785 2002 1844 de
2021 1785 2089 1844 iis
2110 1787 2300 1847 existi-

360 1872 637 1932 mandum
674 1879 779 1942 est,
818 1873 918 1952 qui
958 1874 1354 1934 orationis
1395 1876 1821 1936 vanitatem
1867 1875 2301 1938 adhibuerunt?

295 1968 333 2022 2
363 1963 431 2022 Ο.
467 1962 694 2032 Canius,
724 1983 899 2041 eques
927 1963 1237 2033 RomanuS,
1267 1983 1372 2024 nec
1397 1965 1692 2034 infacetuS,
1721 1973 1782 2024 et
1811 1965 1950 2024 satis
1991 1966 2300 2037 litteratus,

361 2073 495 2113 cum
521 2073 583 2113 se
612 2054 927 2134 Syracusas
954 2055 1183 2125 otiandi,
1212 2062 1280 2114 ut
1317 2055 1441 2135 ipse
1481 2056 1669 2115 dicere
1708 2056 1948 2125 solebat,
1975 2075 2094 2115 non
2121 2076 2302 2137 nego-

359 2144 537 2204 tiandi
564 2164 752 2215 causa,
772 2146 1119 2217 contulisset,
1142 2146 1455 2214 dictitabat,
1477 2165 1542 2205 se
1569 2147 1834 2205 hortulos
1861 2148 2080 2224 aliquos
2107 2167 2303 2208 emere

357 2235 521 2303 velle,
552 2254 667 2313 quo
706 2236 943 2295 invitare
986 2237 1217 2305 amicos,
1249 2243 1307 2295 et
1333 2236 1434 2295 ubi
1459 2256 1523 2295 se
1550 2237 1836 2296 oblectare
1863 2237 1981 2296 sine
2019 2238 2293 2317 interpel-

298 2329 330 2381 3
358 2323 633 2382 latoribus
671 2331 882 2402 posset.
964 2324 1135 2395 Quod
1161 2347 1294 2386 cum
1321 2327 1782 2405 percrebruisset,
1811 2327 2062 2405 Pythius
2090 2328 2147 2387 ei
2173 2330 2298 2407 qui-

360 2412 511 2481 dam,
541 2414 639 2490 qui
675 2414 1053 2491 argentariam
1090 2416 1306 2475 faceret
1348 2417 1662 2496 SyracusiS,
1691 2416 1918 2476 venales
1958 2416 2195 2494 quidem
2235 2438 2300 2478 se

356 2500 556 2560 hortos
582 2521 697 2560 non
721 2503 950 2572 habere,
980 2504 1085 2563 sed
1122 2506 1294 2565 licere
1319 2508 1407 2565 uti
1435 2507 1630 2575 Canio,
1659 2506 1707 2565 si
1733 2506 1920 2575 vellet,
1949 2513 2017 2565 ut
2043 2506 2198 2566 suis:
2237 2516 2300 2569 et

359 2591 527 2650 simul
569 2592 644 2651 ad
688 2611 911 2652 coenam
949 2595 1237 2654 hominem
1278 2597 1337 2655 in
1379 2598 1578 2655 hortos
1603 2596 1858 2655 invitavit
1895 2596 1954 2655 in
1993 2603 2298 2674 posterum

293 2686 330 2741 4
360 2681 527 2739 diem.
610 2683 761 2742 Cum
801 2684 895 2743 ille
936 2685 1304 2763 promisisset,
1331 2694 1458 2745 tum
1484 2687 1747 2765 Pythius,
1777 2686 1874 2765 qui
1910 2692 2079 2754 esset,
2109 2693 2180 2745 ut
2205 2706 2296 2747 ar-

357 2773 665 2851 gentariuS,
694 2774 852 2851 apud
894 2794 1091 2833 omnes
1138 2776 1366 2835 ordines
1410 2777 1720 2855 gratiosus,
1763 2777 2074 2855 piscatores
2113 2776 2192 2835 ad
2229 2796 2296 2837 se

358 2864 707 2933 convocavit,
736 2871 797 2923 et
823 2865 899 2924 ab
925 2866 1014 2923 his
1042 2865 1259 2943 petivit,
1287 2874 1356 2925 ut
1383 2873 1514 2924 ante
1541 2886 1676 2925 suos
1714 2867 1974 2925 hortulos
2014 2866 2296 2943 postridie

293 2962 331 3014 5
358 2954 743 3033 piscarentur:
786 2954 1059 3033 dixitque,
1097 2955 1237 3033 quid
1281 2974 1378 3013 eos
1418 2956 1608 3015 facere
1647 2956 1838 3016 vellet.
1918 2956 2022 3015 Ad
2063 2974 2294 3015 coenam

358 3050 615 3123 tempore
640 3046 795 3105 venit
822 3046 1065 3104 Canius:
1108 3046 1344 3125 opipare
1385 3065 1422 3103 a
1461 3046 1676 3123 Pythio
1715 3052 2060 3125 apparatum
2101 3046 2286 3105 convi-

358 3133 542 3191 vium:
572 3136 904 3211 cymbarum
920 3141 1053 3194 ante
1069 3135 1266 3195 oculos
1279 3134 1591 3195 multitudo
1609 3154 1624 3193 :
1652 3155 1760 3213 pro
1775 3155 1840 3195 se
1855 3135 2112 3213 quisque,
2132 3136 2296 3213 quod

358 3229 607 3299 ceperat,
652 3224 959 3283 afferebat:
1000 3232 1135 3284 ante
1174 3218 1354 3303 pedes
1392 3225 1590 3303 Pythii
1629 3225 1815 3303 pisces
1855 3225 2294 3302 abjiciebantur.
2395 3262 2400 3268 -

294 3318 329 3370 6
357 3312 503 3369 Tum
532 3312 756 3380 Canius,
788 3313 1011 3383 Quaeso,
1040 3316 1237 3392 inquit,
1269 3315 1408 3393 quid
1435 3323 1526 3375 est
1562 3315 1690 3384 hoc,
1719 3314 1942 3392 Pythi?
1984 3321 2294 3373 tantumne

358 3401 613 3480 piscium,
628 3408 922 3461 tantumne
939 3405 1274 3480 cymbarum
1289 3407 1317 3463 ‘3
1373 3406 1449 3463 Et
1467 3406 1577 3474 ille,
1597 3404 1750 3474 Quid
1766 3404 1970 3463 mirum
1988 3404 2016 3462 ‘2
2071 3404 2294 3481 inquit;

357 3493 467 3551 hoc
509 3494 637 3551 loco
680 3500 783 3561 est,
814 3492 1111 3569 Syracusis
1140 3495 1411 3572 quicquid
1451 3502 1541 3554 est
1583 3494 1855 3573 piscium:
1899 3495 1992 3553 hic
2020 3495 2257 3572 aquatio
2275 3513 2294 3552 :

358 3583 467 3641 hac
482 3584 615 3641 villa
638 3583 731 3641 isti
750 3600 943 3641 carere
966 3601 1081 3642 non
1108 3592 1364 3661 possunt.
1445 3586 1718 3643 Incensus
1741 3584 1951 3642 Canius
1973 3583 2298 3662 cupiditate

295 3672 331 3735 ’1
358 3674 650 3734 contendit
673 3693 711 3731 a
734 3673 967 3753 Pythio,
994 3681 1062 3732 ut
1086 3673 1374 3733 venderet.
1461 3674 1714 3734 Gravate
1739 3674 1834 3735 ille
1860 3673 2064 3752 primo.
2131 3673 2299 3745 Quid
