2484 4175
257 317 338 374 ⁴0
1088 333 1164 372 nu
1193 331 1457 374 omens

361 459 534 521 detur
557 461 824 521 habuisse
847 462 1158 521 rationem:
1199 479 1335 539 quae
1358 461 1602 520 formam
1620 467 1875 520 nostram
1902 459 2295 540 reliquamque

361 551 624 629 figuram,
646 551 704 610 in
723 571 838 630 qua
863 559 1015 611 esset
1041 551 1259 631 species
1284 552 1542 619 honesta,
1566 569 1691 610 eam
1712 551 1903 628 posuit
1920 550 1978 608 in
1998 558 2295 628 promptu,

361 659 492 719 quae
539 649 732 719 partes
779 648 973 700 autem
1019 641 1273 720 corporis
1312 641 1389 700 ad
1428 648 1653 700 naturae
1704 641 2099 701 necessitatem
2140 640 2296 699 datae

361 737 660 809 aspectum
685 737 876 790 essent
903 731 1218 790 deformem
1248 731 1531 790 habiturae
1556 738 1730 809 atque
1756 738 2004 809 turpem,
2034 749 2134 788 eas
2162 750 2295 788 con-

297 827 333 879 4
361 821 502 879 texit
527 828 701 899 atque
727 821 963 880 abdidit.
1047 821 1212 880 Hanc
1243 829 1467 879 naturae
1500 827 1623 879 tam
1648 821 1978 900 diligentem
2014 820 2295 880 fabricam

357 911 580 970 imitata
615 918 706 970 est
737 911 1036 984 hominum
1070 911 1523 970 verecundia.
1607 912 1753 981 Quae
1778 911 1927 969 enim
1960 917 2172 968 natura
2200 931 2294 969 oc-

363 1001 616 1071 cultavit,
645 1001 844 1061 eadem
887 1019 1100 1070 omnes,
1127 1001 1228 1079 qui
1270 1019 1408 1060 sana
1452 1007 1645 1060 mente
1688 1007 1838 1069 sunt,
1860 1007 2177 1060 removent
2220 1002 2297 1078 ab

359 1091 573 1152 oculis:
613 1092 838 1172 ipsique
861 1091 1182 1152 necessitati
1207 1092 1351 1150 dant
1376 1109 1609 1170 operam
1634 1097 1703 1150 ut
1720 1109 1895 1170 quam
1912 1091 2297 1150 occultissime

359 1189 630 1262 pareant:
671 1200 1030 1262 quarumque
1055 1183 1307 1261 partium
1343 1181 1595 1261 corporis
1628 1199 1767 1240 usus
1799 1187 1933 1240 sunt
1969 1182 2293 1250 necessarii,

359 1291 458 1332 eas
497 1291 684 1352 neque
725 1279 921 1352 partes
957 1291 1146 1352 neque
1185 1291 1383 1331 earum
1421 1291 1562 1331 usus
1598 1271 1713 1331 suis
1746 1271 2067 1331 nominibus
2094 1273 2295 1350 appel-

358 1362 512 1422 lant:
554 1362 824 1441 quodque
849 1363 1044 1422 facere
1067 1368 1238 1442 turpe
1264 1381 1380 1421 non
1406 1367 1513 1431 est,
1542 1360 1719 1421 modo
1744 1361 1985 1430 occulte,
2012 1360 2073 1420 id
2100 1361 2297 1421 dicere
2400 1355 2405 1360 ⁸

295 1462 331 1514 5
359 1453 694 1512 obscoenum
720 1459 824 1510 est.
893 1453 1102 1530 Itaque
1125 1471 1232 1512 nec
1260 1459 1461 1531 aperta
1486 1452 1635 1512 actio
1659 1471 1853 1511 renim
1878 1451 2104 1510 illarum
2123 1459 2295 1529 petu-

295 1549 331 1602 6
359 1542 536 1601 lautia
574 1547 760 1610 vacat,
801 1559 907 1600 nec
951 1541 1218 1600 orationis
1260 1543 1620 1602 obscoenitas,
1702 1542 1827 1600 Nec
1854 1559 1991 1600 vero
2024 1542 2295 1617 audiendi

359 1640 494 1692 sunt
535 1632 755 1711 Cynici,
783 1640 885 1691 aut
927 1633 976 1691 si
1011 1632 1111 1711 qui
1151 1633 1383 1692 fuerunt
1422 1633 1597 1693 Stoici
1636 1651 1801 1712 paene
1830 1632 2048 1712 Cynici,
2078 1634 2177 1711 qui
2204 1653 2296 1692 re-

359 1723 720 1802 prehendunt
767 1729 828 1782 et
872 1721 1122 1793 irrident,
1165 1723 1323 1801 quod
1361 1742 1447 1792 ea,
1488 1742 1621 1801 quoe
1665 1741 1729 1782 re
1770 1723 1961 1802 turpia
1997 1742 2112 1781 non
2158 1724 2294 1793 sint,

359 1813 676 1873 nominibus
695 1831 762 1871 ac
779 1813 966 1872 verbis
993 1813 1275 1894 flagitiosa
1301 1813 1613 1872 ducamus:
1654 1813 1752 1871 illa
1778 1819 1987 1882 autem,
2010 1831 2143 1891 quae
2166 1819 2297 1872 tur-

297 1903 330 1962 '1
361 1904 458 1982 pia
482 1902 610 1972 sint,
639 1903 958 1963 nominibus
997 1903 1355 1982 appellemus
1394 1903 1529 1962 suis.
1608 1901 1975 1972 Latrocinari,
2004 1903 2293 1974 fraudare,

359 1993 698 2064 adulterare,
739 2014 803 2054 re
843 2001 1013 2072 turpe
1061 2001 1166 2062 est,
1209 1993 1313 2052 sed
1352 1993 1561 2053 dicitur
1595 2011 1713 2051 non
1750 1991 2059 2052 obscoene:
2099 1993 2296 2052 liberis

359 2084 496 2145 dare
543 2104 794 2165 operam,
835 2104 900 2145 re
942 2087 1247 2145 honestum
1290 2092 1397 2155 est,
1434 2083 1657 2144 nomine
1683 2083 2053 2143 obscoenum:
2095 2083 2294 2171 plura·

359 2196 474 2255 que
500 2176 559 2235 in
585 2196 714 2235 eam
740 2176 1077 2236 sententiam
1103 2176 1180 2235 ab
1205 2176 1421 2234 eisdem
1450 2182 1647 2234 contra
1664 2172 2064 2233 verecundiam
2090 2167 2294 2255 dispu-

296 2273 332 2326 8
359 2273 572 2327 tantur.
653 2266 778 2355 Eos
819 2272 1014 2324 autem
1053 2270 1317 2323 naturam
1355 2280 1677 2342 sequamur,
1717 2270 1779 2322 et
1816 2264 1894 2323 ab'
1932 2264 2100 2332 omni,
2131 2265 2294 2341 quod

359 2356 630 2415 abhorret
669 2356 746 2413 ab
791 2354 1087 2413 oculorum
1128 2354 1463 2431 auriumque
1508 2354 1934 2433 approbatione,
1983 2354 2293 2433 fugiamus.

359 2444 575 2513 Status,
624 2443 894 2512 incessus,
943 2444 1136 2515 sessio,
1185 2443 1485 2512 accubitiO,
1534 2444 1747 2513 vultuS,
1796 2444 1963 2513 oculi,
2011 2463 2292 2505 manuum

293 2540 330 2593 9
357 2540 566 2602 motus,
594 2539 824 2592 teneant
849 2532 992 2592 illud
1012 2532 1301 2593 decorum.
1372 2533 1637 2603 Quibus'
1620 2552 1681 2593 m
1698 2534 1873 2593 rebus
1900 2533 2017 2593 duo
2042 2535 2292 2594 maxime

357 2629 492 2681 sunt
538 2622 827 2702 fugienda,
869 2642 942 2681 ne
984 2624 1122 2701 quid
1163 2622 1551 2683 effeminatum
1592 2630 1695 2682 aut
1731 2624 1921 2694 molle,
1951 2630 2011 2683 et
2048 2642 2120 2682 ne
2147 2626 2290 2703 quid

259 2720 330 2773 10
360 2711 570 2771 du'rum
591 2719 692 2771 aut
715 2712 993 2773 rusticum
1021 2714 1110 2773 sit.
1165 2714 1293 2773 Nec
1312 2732 1447 2773 vero
1466 2713 1829 2773 histrionibus
1855 2714 2291 2793 oratoribusque

357 2802 784 2863 concedendum
837 2809 942 2873 est,
992 2810 1060 2863 ut
1111 2804 1179 2863 iis
1229 2806 1357 2863 haec
1412 2811 1551 2882 apta
1598 2803 1727 2873 sint,
1771 2804 1936 2863 nobis
1988 2803 2287 2865 dissoluta.

254 2900 324 2953 11
357 2894 722 2955 Scenicorum
741 2892 972 2971 quidem
998 2913 1124 2954 mos
1149 2900 1371 2953 tantam
1396 2894 1575 2953 habet
1592 2900 1785 2953 vetere
1804 2893 2099 2972 disciplina
2126 2912 2287 2953 vere-

253 2992 326 3044 12
355 2986 636 3055 cundiam,
665 2992 732 3043 ut
757 2985 816 3043 in
841 3002 1070 3045 scenam
1098 2985 1217 3045 sine
1245 2982 1601 3063 subligaculo
1627 2982 1871 3061 prodeat
1897 3002 2083 3045 nemo,
2167 2985 2287 3044 Ve-

353 3083 549 3135 rentur
593 3076 760 3145 enim‚
801 3094 892 3145 ne,
939 3074 988 3135 si
1029 3094 1146 3154 quo
1193 3094 1333 3134 casu
1378 3073 1643 3141 evenerit,
1686 3079 1753 3131 ut
1792 3074 2042 3153 corporis
2089 3082 2288 3152 partes

253 3172 323 3223 13
353 3164 618 3242 quaedam
644 3164 984 3244 aperiantur,
1013 3165 1360 3244 aspiciantur
1383 3181 1499 3222 non
1518 3161 1741 3223 decore.
1808 3163 2024 3222 Nostro
2050 3164 2285 3242 quidem

353 3272 512 3312 more
553 3272 686 3312 cum
730 3255 1060 3331 parentibus
1100 3256 1346 3335 puberes
1384 3253 1499 3323 filii,
1531 3272 1664 3313 cum
1702 3254 1908 3312 soceris
1948 3254 2143 3333 generi
2170 3274 2286 3312 non

255 3348 324 3402 14
351 3344 633 3402 lavantur.
713 3342 1034 3401 Retinenda
1075 3344 1251 3423 igitur
1294 3350 1385 3403 est
1429 3344 1604 3423 hujus
1651 3344 1877 3423 generis
1921 3344 2282 3414 verecundia,

351 3432 667 3513 praesertim
689 3437 896 3490 natura
920 3433 1047 3513 ipsa
1072 3435 1348 3513 magistra
1376 3441 1436 3493 et
1460 3434 1626 3494 duce.

428 3612 702 3672 XXXVI.
747 3611 898 3671 Cum
923 3617 1116 3669 autem
1153 3612 1719 3691 pulchritudinis
1748 3612 1867 3671 duo
1906 3631 2121 3692 genera
2146 3611 2279 3682 sint,

349 3720 591 3783 quorum
615 3702 671 3761 in
699 3702 879 3761 altero
893 3708 1162 3761 venustas
1189 3702 1281 3771 sit,
1302 3701 1359 3759 in
1385 3702 1566 3761 altero
1590 3702 1841 3781 dignitas
1864 3720 1881 3771 ;
1920 3708 2279 3763 venustatem
