2484 4175
276 313 391 369 104
583 361 592 369 .
750 289 777 358 ‚⁸
1127 331 1205 371 nn
1232 329 1492 372 ornans

374 458 563 526 nicies,
592 459 749 537 quod
777 458 915 518 alios
942 459 1141 528 bonos,
1168 459 1308 518 alios
1333 460 1620 538 sapientes
1651 459 1990 519 existimant.
2073 459 2166 518 Ex
2195 479 2319 536 quo

376 549 609 618 anius,
638 551 1004 625 nequicquam
1042 569 1225 624 sapere
1264 552 1578 625 sapientem,
1609 553 1712 626 qui
1758 551 1872 625 ipse
1909 551 2015 607 sibi
2047 551 2320 624 prodesse

374 658 487 696 non
528 641 724 714 quiret.
809 639 963 698 Vere
1006 639 1067 700 id
1108 639 1355 718 quidem,
1399 640 1464 709 si,
1508 641 1644 718 quid
1687 647 1840 700 esset
1872 641 2142 714 prodesse,
2174 639 2318 697 mihi

274 733 349 788 10
376 747 508 787 cum
534 729 717 786 Ennio
744 729 1081 788 conveniret.
1164 730 1516 788 Hecatonem
1545 730 1777 808 quidem
1804 730 2112 798 Rhodium,
2141 729 2317 787 disci—

376 817 579 896 pulum
620 819 874 887 Panaetii,
904 818 1070 877 video
1114 818 1171 877 in
1212 819 1281 876 iis
1319 819 1494 887 libris,
1535 839 1680 898 quos
1725 818 1799 877 de
1842 819 2034 877 officiis
2083 819 2320 896 scripsit

374 908 444 977 Q.
486 907 784 976 Tuberoni,
830 907 1035 976 dicere,
1089 907 1376 983 Sapientis
1415 927 1538 977 esse,
1581 910 1728 967 nihil
1769 917 1960 967 contra
2000 927 2192 977 mores,
2235 910 2318 966 le-

272 1002 301 1054 1
314 1004 341 1054 1
368 1016 478 1071 yec,
508 999 767 1055 instituta
790 999 1102 1074 facientem,
1132 999 1322 1056 habere
1347 1001 1618 1057 rationem
1657 999 1738 1057 rei
1763 1000 2100 1075 familiaris.
2185 999 2315 1056 Ne-

372 1107 478 1163 que
514 1089 661 1146 em'm
696 1089 882 1146 solum
924 1089 1079 1146 nobis
1116 1087 1312 1146 divites
1351 1107 1460 1147 csse
1497 1090 1772 1157 volumus,
1803 1089 1896 1146 sed
1939 1089 2135 1155 liberis,
2168 1107 2316 1162 pro-

364 1179 617 1254 pinquis,
654 1179 864 1247 amicis,
908 1180 1249 1253 maximeque
1287 1180 1371 1236 rei
1405 1180 1664 1254 publicae.
1751 1178 2123 1252 sinqulorum
2161 1180 2318 1236 enim

271 1272 343 1326 12
372 1270 684 1344 facultates
726 1277 779 1327 et
824 1271 993 1344 copioe
1033 1269 1246 1326 divitica
1289 1277 1424 1326 sunt
1467 1270 1725 1327 civitatis.
1829 1268 1981 1327 Huic
2029 1267 2317 1326 Scaevolae

370 1358 608 1428 factum,
638 1361 712 1419 de
738 1379 854 1438 quo
901 1358 1073 1436 paulo
1112 1365 1246 1416 ante
1287 1358 1418 1427 dixi,
1449 1359 1675 1436 placere
1699 1359 1860 1416 nullo
1893 1358 2068 1416 modo
2095 1365 2315 1437 potest.

372 1447 600 1507 Etenim
645 1450 872 1508 omnino
913 1454 1139 1506 tantum
1193 1467 1258 1506 se
1302 1456 1479 1527 negat
1525 1449 1813 1507 facturum
1858 1448 2181 1526 compendii
2221 1449 2318 1506 sui

372 1555 562 1606 causa,
592 1538 747 1616 quod
774 1557 889 1596 non
914 1537 1098 1596 liceat.
1182 1538 1334 1596 Huic
1361 1557 1466 1596 nec
1494 1538 1620 1596 laus
1639 1557 1850 1617 magna
1869 1537 2174 1596 tribuenda
2201 1557 2316 1598 nee

270 1632 343 1684 13
372 1627 558 1704 gratia
578 1634 681 1686 est.
746 1627 863 1686 Sed
882 1627 998 1685 sive
1016 1626 1300 1685 simulatio
1321 1635 1382 1687 et
1397 1628 1770 1687 dissimulatio
1790 1628 1956 1686 dolus
1977 1628 2160 1685 malus
2183 1634 2278 1685 est
2296 1647 2315 1696 ;

370 1733 673 1793 perpaucae
698 1735 791 1774 res
818 1723 969 1784 sunt,
999 1715 1057 1774 in
1082 1717 1290 1794 quibus
1317 1737 1431 1775 nou
1471 1718 1638 1776 dolus
1664 1718 1773 1775 iste
1797 1719 1983 1776 malus
2011 1724 2312 1776 versetur:

372 1805 491 1864 sive
536 1806 625 1864 vir
676 1806 863 1865 bonus
909 1812 999 1864 est
1050 1805 1115 1873 ia,
1164 1807 1264 1884 qui
1318 1807 1572 1886 prodest,
1616 1807 1823 1885 quibus
1877 1813 2086 1885 potest,
2135 1814 2317 1866 nocet

372 1896 613 1964 nemini3
676 1903 829 1956 certe
884 1896 1056 1954 istum
1106 1897 1290 1954 virum
1339 1897 1550 1956 bonum
1602 1916 1716 1955 non
1761 1897 1926 1956 facile
1971 1896 2312 1974 reperimus.

271 1989 345 2046 14
372 1985 683 2064 Nunquam
718 1986 893 2066 igitur
928 1993 1017 2045 est
1058 1986 1195 2044 utile
1240 2004 1496 2064 peccare,
1535 1987 1668 2065 quia
1707 2005 1934 2065 semper
1971 1994 2060 2046 est
2099 1993 2312 2066 turpe:

370 2083 433 2136 et
456 2077 591 2155 quia
616 2096 845 2158 semper
870 2083 959 2136 est
997 2077 1304 2137 honestum
1329 2077 1514 2135 virum
1555 2077 1768 2137 bonum
1795 2094 1936 2147 esse,
1965 2096 2196 2157 semper
2219 2083 2320 2137 aet

372 2166 530 2227 utile.

449 2347 612 2406 XVI.
642 2346 735 2405 Ac
756 2346 830 2405 de
852 2347 983 2425 jure
999 2347 1230 2426 quidem
1253 2346 1598 2425 praediorum
1619 2354 1879 2406 sanctum
1906 2346 2064 2425 apud
2089 2366 2202 2407 nos
2221 2355 2317 2407 est

366 2435 497 2513 jure
542 2436 704 2504 civili,
744 2444 813 2493 ut
856 2437 915 2493 in
960 2438 1049 2495 his
1089 2437 1402 2496 vendendis
1441 2438 1577 2496 vitia
1623 2438 1965 2505 dicerentur,
1996 2456 2132 2515 quae
2167 2446 2316 2497 nota

306 2531 342 2583 2
370 2530 561 2583 essent
586 2524 881 2583 venditori.
962 2527 1132 2595 Nam,
1162 2546 1298 2586 cum
1323 2546 1397 2585 ex
1422 2527 1724 2587 duodecim
1751 2528 1962 2587 tabulis
1987 2528 2128 2585 satis
2155 2536 2315 2587 esset

370 2630 441 2673 ea
482 2614 755 2691 praestari,
786 2634 917 2692 quae
955 2622 1145 2673 essent
1186 2617 1383 2694 lingua
1423 2626 1769 2695 nuncupata,
1801 2636 1930 2695 quae
1963 2618 2060 2695 qui
2103 2617 2311 2677 infitia-

372 2711 469 2763 tus
495 2710 663 2773 esset,
692 2703 855 2783 dupli
880 2725 1113 2784 poenam
1142 2708 1389 2767 subiret:
1431 2725 1466 2763 a
1501 2708 1645 2784 juris
1673 2707 1944 2765 consultis
1971 2707 2148 2765 etiam
2175 2709 2312 2766 reti-

306 2800 341 2853 8
370 2794 571 2853 centiae
600 2813 775 2873 poena
800 2803 889 2853 est
916 2796 1238 2855 constituta.
1323 2796 1610 2874 Quicquid
1647 2796 1798 2855 enim
1823 2804 1977 2854 esset
2003 2796 2061 2854 in
2088 2798 2314 2875 proedio

368 2886 505 2956 vitii,
530 2885 592 2945 id
616 2892 957 2956 statuerunt,
986 2888 1037 2945 si
1060 2886 1322 2947 venditor
1361 2887 1546 2955 sciret,
1584 2888 1690 2945 nisi
1728 2888 2059 2946 nominatim
2085 2889 2312 2949 dictum

303 2980 342 3034 4
370 2985 537 3046 esset,
560 2977 819 3056 praestari
844 2984 1124 3056 oportere.
1207 2977 1310 3044 Ut,
1333 2996 1466 3035 cum
1486 2977 1545 3035 in
1569 2996 1700 3035 arce
1719 2979 2026 3056 augurium
2051 2997 2312 3058 augures

368 3068 550 3125 acturi
594 3075 800 3136 essent,
838 3067 1252 3146 jussissentque
1295 3067 1376 3125 Ti.
1409 3067 1712 3127 Claudium
1741 3068 2167 3137 Centumalum,
2212 3072 2310 3149 qui

370 3156 566 3214 aedes'
550 3174 609 3213 m
636 3157 823 3216 Coelio
846 3164 1039 3216 monte
1077 3157 1348 3226 habebat,
1376 3156 1634 3217 demoliri
1659 3177 1745 3226 ea,
1773 3177 2017 3236 quorum
2057 3159 2310 3219 altitudo

288 3306 297 3313 ,
368 3245 621 3303 officeret
662 3247 943 3323 auspiciiS,
998 3246 1274 3305 Claudius
1319 3248 1655 3326 proscripsit
1703 3248 1964 3316 insulam,
2011 3234 2307 3318 vendidit3

302 3342 340 3395 5
368 3333 505 3392 emit
530 3334 599 3393 P.
620 3334 961 3413 Calpurnius
976 3336 1269 3395 Lanarius».
1351 3338 1504 3397 Huic
1533 3338 1607 3397 ab
1633 3334 1950 3417 auguribus
1976 3337 2122 3397 illud
2151 3339 2308 3398 idem

367 3423 762 3482 denuntiatum
800 3432 905 3482 est.
988 3426 1193 3503 Itaque
1224 3427 1566 3505 Calpurnius
1607 3446 1740 3485 cum
1781 3428 2086 3487 demolitus
2131 3436 2303 3496 esset,

368 3521 799 3592 cognossetque,
850 3513 1156 3573 Claudium
1208 3516 1362 3574 aedes
1416 3524 1618 3595 postea
1671 3518 2085 3595 proscripsisse,
2129 3537 2304 3596 quam

367 3610 521 3663 esset
558 3602 633 3661 ab
672 3603 985 3683 auguribus
1022 3603 1282 3664 demoliri
1322 3607 1536 3684 jussus,
1567 3607 1845 3666 arbitrum
1883 3607 2046 3665 illum
2083 3607 2304 3688 adegit,

368 3711 729 3761 auronum
767 3710 923 3753 s1n1
961 3710 1191 3764 naun,
1232 3714 1522 3757 raanan
1563 3714 1973 3757 oron-naar
2009 3716 2098 3757 nx
2137 3715 2306 3759 1191
