<?xml version="1.0" encoding="UTF-8"?>
<!DOCTYPE html PUBLIC "-//W3C//DTD XHTML 1.0 Transitional//EN"
    "http://www.w3.org/TR/xhtml1/DTD/xhtml1-transitional.dtd">
<html xmlns="http://www.w3.org/1999/xhtml" xml:lang="en" lang="en">
 <head>
  <title>
</title>
<meta http-equiv="Content-Type" content="text/html;charset=utf-8" />
  <meta name='ocr-system' content='tesseract 3.04.00' />
  <meta name='ocr-capabilities' content='ocr_page ocr_carea ocr_par ocr_line ocrx_word'/>
</head>
<body>
  <div class='ocr_page' id='page_1' title='image "./mtulliciceronis00unkngoog_0097.png"; bbox 0 0 2484 4175; ppageno 0'>
   <div class='ocr_carea' id='block_1_1' title="bbox 915 283 2252 340">
    <p class='ocr_par' dir='ltr' id='par_1_1' title="bbox 915 283 2252 340">
     <span class='ocr_line' id='line_1_1' title="bbox 915 283 2252 340; baseline -0.001 -1"><span class='ocrx_word' id='word_1_1' title='bbox 915 297 1090 339; x_wconf 78' lang='lat' dir='ltr'><strong>mna</strong></span> <span class='ocrx_word' id='word_1_2' title='bbox 1113 299 1178 340; x_wconf 86' lang='lat'><strong>11.</strong></span> <span class='ocrx_word' id='word_1_3' title='bbox 1262 297 1397 340; x_wconf 63' lang='lat' dir='ltr'><strong>car.</strong></span> <span class='ocrx_word' id='word_1_4' title='bbox 1427 299 1567 339; x_wconf 81' lang='lat' dir='ltr'><strong>xm.</strong></span> <span class='ocrx_word' id='word_1_5' title='bbox 2178 283 2252 338; x_wconf 77' lang='lat'><strong>81</strong></span> 
     </span>
    </p>
   </div>
   <div class='ocr_carea' id='block_1_2' title="bbox 217 427 2273 3017">
    <p class='ocr_par' dir='ltr' id='par_1_2' title="bbox 217 427 2261 1681">
     <span class='ocr_line' id='line_1_2' title="bbox 217 427 2156 510; baseline -0.002 -20"><span class='ocrx_word' id='word_1_6' title='bbox 217 429 718 510; x_wconf 74' lang='lat' dir='ltr'><strong>congregabantur</strong></span> <span class='ocrx_word' id='word_1_7' title='bbox 756 427 1028 497; x_wconf 86' lang='lat' dir='ltr'><strong>homines,</strong></span> <span class='ocrx_word' id='word_1_8' title='bbox 1057 433 1249 486; x_wconf 87' lang='lat' dir='ltr'><strong>tamen</strong></span> <span class='ocrx_word' id='word_1_9' title='bbox 1274 447 1377 507; x_wconf 89' lang='lat' dir='ltr'><strong>spe</strong></span> <span class='ocrx_word' id='word_1_10' title='bbox 1404 427 1681 488; x_wconf 72' lang='lat' dir='ltr'><strong>custodiae</strong></span> <span class='ocrx_word' id='word_1_11' title='bbox 1706 445 1898 487; x_wconf 88' lang='lat' dir='ltr'><strong>rerum</strong></span> <span class='ocrx_word' id='word_1_12' title='bbox 1922 445 2156 486; x_wconf 81' lang='lat' dir='ltr'><strong>suarum</strong></span> 
     </span>
     <span class='ocr_line' id='line_1_3' title="bbox 217 518 2261 598; baseline -0.001 -20"><span class='ocrx_word' id='word_1_13' title='bbox 217 519 450 579; x_wconf 88' lang='lat' dir='ltr'><strong>urbium</strong></span> <span class='ocrx_word' id='word_1_14' title='bbox 492 518 759 598; x_wconf 76' lang='lat' dir='ltr'><strong>praesidia</strong></span> <span class='ocrx_word' id='word_1_15' title='bbox 799 519 1152 596; x_wconf 73' lang='lat' dir='ltr'><strong>quaerebant.</strong></span> <span class='ocrx_word' id='word_1_16' title='bbox 1235 518 1443 578; x_wconf 87' lang='lat' dir='ltr'><strong>Danda</strong></span> <span class='ocrx_word' id='word_1_17' title='bbox 1485 518 1656 578; x_wconf 88' lang='lat' dir='ltr'><strong>etiam</strong></span> <span class='ocrx_word' id='word_1_18' title='bbox 1695 536 1873 598; x_wconf 84' lang='lat' dir='ltr'><strong>opera</strong></span> <span class='ocrx_word' id='word_1_19' title='bbox 1910 525 2018 586; x_wconf 90' lang='lat' dir='ltr'><strong>est,</strong></span> <span class='ocrx_word' id='word_1_20' title='bbox 2058 535 2148 587; x_wconf 90' lang='lat' dir='ltr'><strong>ne,</strong></span> <span class='ocrx_word' id='word_1_21' title='bbox 2183 521 2261 576; x_wconf 88' lang='grc'><strong>10</strong></span> 
     </span>
     <span class='ocr_line' id='line_1_4' title="bbox 219 608 2151 688; baseline -0.001 -20"><span class='ocrx_word' id='word_1_22' title='bbox 219 609 380 688; x_wconf 89' lang='lat' dir='ltr'><strong>quod</strong></span> <span class='ocrx_word' id='word_1_23' title='bbox 419 609 580 687; x_wconf 86' lang='lat' dir='ltr'><strong>apud</strong></span> <span class='ocrx_word' id='word_1_24' title='bbox 619 609 864 687; x_wconf 83' lang='lat' dir='ltr'><strong>majores</strong></span> <span class='ocrx_word' id='word_1_25' title='bbox 903 615 1126 668; x_wconf 86' lang='lat' dir='ltr'><strong>nostros</strong></span> <span class='ocrx_word' id='word_1_26' title='bbox 1165 628 1327 688; x_wconf 75' lang='lat' dir='ltr'><strong>saepe</strong></span> <span class='ocrx_word' id='word_1_27' title='bbox 1366 609 1559 678; x_wconf 83' lang='lat' dir='ltr'><strong>fiebat,</strong></span> <span class='ocrx_word' id='word_1_28' title='bbox 1588 615 1823 687; x_wconf 86' lang='lat' dir='ltr'><strong>propter</strong></span> <span class='ocrx_word' id='word_1_29' title='bbox 1860 608 2041 667; x_wconf 76' lang='lat' dir='ltr'><strong>aerarii</strong></span> <span class='ocrx_word' id='word_1_30' title='bbox 2067 615 2151 666; x_wconf 87' lang='lat' dir='ltr'><strong>te-</strong></span> 
     </span>
     <span class='ocr_line' id='line_1_5' title="bbox 219 698 2151 782; baseline -0.001 -24"><span class='ocrx_word' id='word_1_31' title='bbox 219 701 508 782; x_wconf 69' lang='lat' dir='ltr'><strong>nuitatem</strong></span> <span class='ocrx_word' id='word_1_32' title='bbox 543 698 1044 777; x_wconf 75' lang='lat' dir='ltr'><strong>assiduitatemque</strong></span> <span class='ocrx_word' id='word_1_33' title='bbox 1085 699 1383 768; x_wconf 88' lang='lat' dir='ltr'><strong>bellorum,</strong></span> <span class='ocrx_word' id='word_1_34' title='bbox 1432 699 1711 758; x_wconf 88' lang='lat' dir='ltr'><strong>tributum</strong></span> <span class='ocrx_word' id='word_1_35' title='bbox 1752 699 1825 758; x_wconf 85' lang='lat' dir='ltr'><strong>sit</strong></span> <span class='ocrx_word' id='word_1_36' title='bbox 1864 699 2151 759; x_wconf 83' lang='lat' dir='ltr'><strong>conferen-</strong></span> 
     </span>
     <span class='ocr_line' id='line_1_6' title="bbox 222 787 2255 870; baseline -0.002 -20"><span class='ocrx_word' id='word_1_37' title='bbox 222 791 382 858; x_wconf 82' lang='lat' dir='ltr'><strong>dum,</strong></span> <span class='ocrx_word' id='word_1_38' title='bbox 411 789 584 867; x_wconf 90' lang='lat' dir='ltr'><strong>idque</strong></span> <span class='ocrx_word' id='word_1_39' title='bbox 609 809 680 848; x_wconf 88' lang='lat' dir='ltr'><strong>ne</strong></span> <span class='ocrx_word' id='word_1_40' title='bbox 721 789 958 858; x_wconf 84' lang='lat' dir='ltr'><strong>eveniat,</strong></span> <span class='ocrx_word' id='word_1_41' title='bbox 997 789 1182 848; x_wconf 81' lang='lat' dir='ltr'><strong>multo</strong></span> <span class='ocrx_word' id='word_1_42' title='bbox 1219 795 1355 848; x_wconf 86' lang='lat' dir='ltr'><strong>ante</strong></span> <span class='ocrx_word' id='word_1_43' title='bbox 1393 789 1500 848; x_wconf 86' lang='lat' dir='ltr'><strong>erit</strong></span> <span class='ocrx_word' id='word_1_44' title='bbox 1540 789 1970 870; x_wconf 82' lang='lat' dir='ltr'><strong>providendum.</strong></span> <span class='ocrx_word' id='word_1_45' title='bbox 2053 787 2157 847; x_wconf 85' lang='lat' dir='ltr'><strong>Sin</strong></span> <span class='ocrx_word' id='word_1_46' title='bbox 2184 793 2255 846; x_wconf 89' lang='lat'><strong>11</strong></span> 
     </span>
     <span class='ocr_line' id='line_1_7' title="bbox 221 877 2154 960; baseline -0.002 -20"><span class='ocrx_word' id='word_1_47' title='bbox 221 900 358 959; x_wconf 82' lang='lat' dir='ltr'><strong>quae</strong></span> <span class='ocrx_word' id='word_1_48' title='bbox 401 879 708 940; x_wconf 75' lang='lat' dir='ltr'><strong>necessitas</strong></span> <span class='ocrx_word' id='word_1_49' title='bbox 750 880 925 957; x_wconf 87' lang='lat' dir='ltr'><strong>hujus</strong></span> <span class='ocrx_word' id='word_1_50' title='bbox 962 878 1210 938; x_wconf 86' lang='lat' dir='ltr'><strong>muneris</strong></span> <span class='ocrx_word' id='word_1_51' title='bbox 1250 879 1419 940; x_wconf 89' lang='lat' dir='ltr'><strong>alicui</strong></span> <span class='ocrx_word' id='word_1_52' title='bbox 1454 880 1535 940; x_wconf 88' lang='lat' dir='ltr'><strong>rei</strong></span> <span class='ocrx_word' id='word_1_53' title='bbox 1569 880 1817 960; x_wconf 71' lang='lat' dir='ltr'><strong>publicae</strong></span> <span class='ocrx_word' id='word_1_54' title='bbox 1844 877 2154 948; x_wconf 82' lang='lat' dir='ltr'><strong>obvenerit,</strong></span> 
     </span>
     <span class='ocr_line' id='line_1_8' title="bbox 225 969 2154 1050; baseline -0.001 -22"><span class='ocrx_word' id='word_1_55' title='bbox 225 969 404 1050; x_wconf 87' lang='lat' dir='ltr'><strong>(malo</strong></span> <span class='ocrx_word' id='word_1_56' title='bbox 431 971 597 1039; x_wconf 86' lang='lat' dir='ltr'><strong>enim,</strong></span> <span class='ocrx_word' id='word_1_57' title='bbox 625 989 800 1049; x_wconf 90' lang='lat' dir='ltr'><strong>quam</strong></span> <span class='ocrx_word' id='word_1_58' title='bbox 835 975 1046 1030; x_wconf 79' lang='lat' dir='ltr'><strong>nostrae</strong></span> <span class='ocrx_word' id='word_1_59' title='bbox 1091 970 1359 1040; x_wconf 81' lang='lat' dir='ltr'><strong>ominari3</strong></span> <span class='ocrx_word' id='word_1_60' title='bbox 1396 989 1583 1050; x_wconf 87' lang='lat' dir='ltr'><strong>neque</strong></span> <span class='ocrx_word' id='word_1_61' title='bbox 1622 977 1819 1031; x_wconf 86' lang='lat' dir='ltr'><strong>tamen</strong></span> <span class='ocrx_word' id='word_1_62' title='bbox 1843 969 1917 1030; x_wconf 88' lang='lat' dir='ltr'><strong>de</strong></span> <span class='ocrx_word' id='word_1_63' title='bbox 1942 975 2154 1038; x_wconf 87' lang='lat' dir='ltr'><strong>nostra,</strong></span> 
     </span>
     <span class='ocr_line' id='line_1_9' title="bbox 221 1059 2156 1142; baseline -0.001 -22"><span class='ocrx_word' id='word_1_64' title='bbox 221 1061 328 1120; x_wconf 89' lang='lat' dir='ltr'><strong>sed</strong></span> <span class='ocrx_word' id='word_1_65' title='bbox 357 1061 432 1120; x_wconf 88' lang='lat' dir='ltr'><strong>de</strong></span> <span class='ocrx_word' id='word_1_66' title='bbox 459 1062 612 1120; x_wconf 89' lang='lat' dir='ltr'><strong>omni</strong></span> <span class='ocrx_word' id='word_1_67' title='bbox 638 1081 700 1121; x_wconf 90' lang='lat' dir='ltr'><strong>re</strong></span> <span class='ocrx_word' id='word_1_68' title='bbox 727 1062 954 1140; x_wconf 83' lang='lat' dir='ltr'><strong>publiea</strong></span> <span class='ocrx_word' id='word_1_69' title='bbox 979 1059 1236 1142; x_wconf 86' lang='lat' dir='ltr'><strong>disputo)</strong></span> <span class='ocrx_word' id='word_1_70' title='bbox 1268 1061 1461 1121; x_wconf 87' lang='lat' dir='ltr'><strong>danda</strong></span> <span class='ocrx_word' id='word_1_71' title='bbox 1498 1061 1607 1120; x_wconf 88' lang='lat' dir='ltr'><strong>erit</strong></span> <span class='ocrx_word' id='word_1_72' title='bbox 1644 1081 1837 1141; x_wconf 86' lang='lat' dir='ltr'><strong>opera,</strong></span> <span class='ocrx_word' id='word_1_73' title='bbox 1864 1067 1933 1120; x_wconf 88' lang='lat' dir='ltr'><strong>ut</strong></span> <span class='ocrx_word' id='word_1_74' title='bbox 1959 1079 2156 1120; x_wconf 90' lang='lat' dir='ltr'><strong>omnes</strong></span> 
     </span>
     <span class='ocr_line' id='line_1_10' title="bbox 223 1151 2261 1231; baseline 0 -21"><span class='ocrx_word' id='word_1_75' title='bbox 223 1151 559 1230; x_wconf 85' lang='lat' dir='ltr'><strong>intelligant,</strong></span> <span class='ocrx_word' id='word_1_76' title='bbox 607 1151 658 1209; x_wconf 87' lang='lat' dir='ltr'><strong>si</strong></span> <span class='ocrx_word' id='word_1_77' title='bbox 701 1152 841 1212; x_wconf 81' lang='lat' dir='ltr'><strong>salvi</strong></span> <span class='ocrx_word' id='word_1_78' title='bbox 886 1171 1014 1212; x_wconf 89' lang='lat' dir='ltr'><strong>esse</strong></span> <span class='ocrx_word' id='word_1_79' title='bbox 1058 1152 1250 1222; x_wconf 79' lang='lat' dir='ltr'><strong>velint,</strong></span> <span class='ocrx_word' id='word_1_80' title='bbox 1291 1152 1615 1211; x_wconf 80' lang='lat' dir='ltr'><strong>necessitati</strong></span> <span class='ocrx_word' id='word_1_81' title='bbox 1652 1171 1779 1211; x_wconf 85' lang='lat' dir='ltr'><strong>esse</strong></span> <span class='ocrx_word' id='word_1_82' title='bbox 1818 1152 2151 1231; x_wconf 88' lang='lat' dir='ltr'><strong>parendum.</strong></span> <span class='ocrx_word' id='word_1_83' title='bbox 2184 1155 2261 1212; x_wconf 78' lang='lat'><strong>12</strong></span> 
     </span>
     <span class='ocr_line' id='line_1_11' title="bbox 227 1240 2157 1322; baseline 0.001 -22"><span class='ocrx_word' id='word_1_84' title='bbox 227 1242 426 1319; x_wconf 82' lang='lat' dir='ltr'><strong>Atque</strong></span> <span class='ocrx_word' id='word_1_85' title='bbox 453 1240 626 1300; x_wconf 88' lang='lat' dir='ltr'><strong>etiam</strong></span> <span class='ocrx_word' id='word_1_86' title='bbox 653 1260 864 1311; x_wconf 89' lang='lat' dir='ltr'><strong>omnes,</strong></span> <span class='ocrx_word' id='word_1_87' title='bbox 891 1243 990 1320; x_wconf 88' lang='lat' dir='ltr'><strong>qui</strong></span> <span class='ocrx_word' id='word_1_88' title='bbox 1013 1261 1138 1302; x_wconf 87' lang='lat' dir='ltr'><strong>rem</strong></span> <span class='ocrx_word' id='word_1_89' title='bbox 1177 1243 1467 1322; x_wconf 87' lang='lat' dir='ltr'><strong>publicam</strong></span> <span class='ocrx_word' id='word_1_90' title='bbox 1506 1242 1925 1322; x_wconf 85' lang='lat' dir='ltr'><strong>gubernabunt,</strong></span> <span class='ocrx_word' id='word_1_91' title='bbox 1956 1261 2157 1303; x_wconf 90' lang='lat' dir='ltr'><strong>consu-</strong></span> 
     </span>
     <span class='ocr_line' id='line_1_12' title="bbox 223 1331 2261 1412; baseline 0.001 -22"><span class='ocrx_word' id='word_1_92' title='bbox 223 1332 344 1390; x_wconf 84' lang='lat' dir='ltr'><strong>lere</strong></span> <span class='ocrx_word' id='word_1_93' title='bbox 373 1331 682 1400; x_wconf 85' lang='lat' dir='ltr'><strong>debcbunt,</strong></span> <span class='ocrx_word' id='word_1_94' title='bbox 712 1338 780 1390; x_wconf 92' lang='lat' dir='ltr'><strong>ut</strong></span> <span class='ocrx_word' id='word_1_95' title='bbox 805 1351 1002 1392; x_wconf 85' lang='lat' dir='ltr'><strong>earum</strong></span> <span class='ocrx_word' id='word_1_96' title='bbox 1040 1351 1232 1392; x_wconf 86' lang='lat' dir='ltr'><strong>rerum</strong></span> <span class='ocrx_word' id='word_1_97' title='bbox 1274 1332 1437 1412; x_wconf 87' lang='lat' dir='ltr'><strong>copia</strong></span> <span class='ocrx_word' id='word_1_98' title='bbox 1464 1333 1553 1402; x_wconf 87' lang='lat' dir='ltr'><strong>sit,</strong></span> <span class='ocrx_word' id='word_1_99' title='bbox 1581 1353 1713 1411; x_wconf 84' lang='lat' dir='ltr'><strong>quae</strong></span> <span class='ocrx_word' id='word_1_100' title='bbox 1742 1339 1877 1391; x_wconf 85' lang='lat' dir='ltr'><strong>sunt</strong></span> <span class='ocrx_word' id='word_1_101' title='bbox 1901 1351 2157 1392; x_wconf 84' lang='lat' dir='ltr'><strong>necessa·</strong></span> <span class='ocrx_word' id='word_1_102' title='bbox 2188 1339 2261 1393; x_wconf 82' lang='grc'><strong>18</strong></span> 
     </span>
     <span class='ocr_line' id='line_1_13' title="bbox 221 1422 2160 1502; baseline 0.001 -22"><span class='ocrx_word' id='word_1_103' title='bbox 221 1422 346 1482; x_wconf 85' lang='lat' dir='ltr'><strong>riae.</strong></span> <span class='ocrx_word' id='word_1_104' title='bbox 430 1423 687 1491; x_wconf 79' lang='lat' dir='ltr'><strong>Quarum</strong></span> <span class='ocrx_word' id='word_1_105' title='bbox 725 1422 906 1500; x_wconf 84' lang='lat' dir='ltr'><strong>qualis</strong></span> <span class='ocrx_word' id='word_1_106' title='bbox 947 1423 1297 1502; x_wconf 82' lang='lat' dir='ltr'><strong>comparatio</strong></span> <span class='ocrx_word' id='word_1_107' title='bbox 1334 1423 1457 1482; x_wconf 88' lang='lat' dir='ltr'><strong>fieri</strong></span> <span class='ocrx_word' id='word_1_108' title='bbox 1494 1423 1675 1482; x_wconf 79' lang='lat' dir='ltr'><strong>soleat</strong></span> <span class='ocrx_word' id='word_1_109' title='bbox 1702 1430 1763 1482; x_wconf 89' lang='lat' dir='ltr'><strong>et</strong></span> <span class='ocrx_word' id='word_1_110' title='bbox 1789 1423 2016 1492; x_wconf 83' lang='lat' dir='ltr'><strong>debeat,</strong></span> <span class='ocrx_word' id='word_1_111' title='bbox 2045 1443 2160 1482; x_wconf 89' lang='lat' dir='ltr'><strong>non</strong></span> 
     </span>
     <span class='ocr_line' id='line_1_14' title="bbox 225 1512 2161 1592; baseline 0.001 -20"><span class='ocrx_word' id='word_1_112' title='bbox 225 1519 316 1572; x_wconf 85' lang='lat' dir='ltr'><strong>est</strong></span> <span class='ocrx_word' id='word_1_113' title='bbox 342 1531 576 1572; x_wconf 86' lang='lat' dir='ltr'><strong>necesse</strong></span> <span class='ocrx_word' id='word_1_114' title='bbox 601 1512 928 1590; x_wconf 82' lang='lat' dir='ltr'><strong>disputare:</strong></span> <span class='ocrx_word' id='word_1_115' title='bbox 969 1519 1060 1572; x_wconf 89' lang='lat' dir='ltr'><strong>est</strong></span> <span class='ocrx_word' id='word_1_116' title='bbox 1101 1513 1251 1572; x_wconf 86' lang='lat' dir='ltr'><strong>enim</strong></span> <span class='ocrx_word' id='word_1_117' title='bbox 1289 1513 1349 1572; x_wconf 90' lang='lat' dir='ltr'><strong>in</strong></span> <span class='ocrx_word' id='word_1_118' title='bbox 1385 1519 1697 1592; x_wconf 79' lang='lat' dir='ltr'><strong>promptu3</strong></span> <span class='ocrx_word' id='word_1_119' title='bbox 1739 1519 1962 1572; x_wconf 84' lang='lat' dir='ltr'><strong>tantum</strong></span> <span class='ocrx_word' id='word_1_120' title='bbox 2000 1514 2161 1573; x_wconf 84' lang='lat' dir='ltr'><strong>locus</strong></span> 
     </span>
     <span class='ocr_line' id='line_1_15' title="bbox 224 1603 750 1681; baseline 0.004 -21"><span class='ocrx_word' id='word_1_121' title='bbox 224 1603 600 1681; x_wconf 82' lang='lat' dir='ltr'><strong>attingendus</strong></span> <span class='ocrx_word' id='word_1_122' title='bbox 625 1603 750 1662; x_wconf 82' lang='lat' dir='ltr'><strong>fuit.</strong></span> 
     </span>
    </p>

    <p class='ocr_par' dir='ltr' id='par_1_3' title="bbox 224 1693 2273 3017">
     <span class='ocr_line' id='line_1_16' title="bbox 309 1693 2267 1772; baseline 0.001 -22"><span class='ocrx_word' id='word_1_123' title='bbox 309 1693 508 1770; x_wconf 86' lang='lat' dir='ltr'><strong>Caput</strong></span> <span class='ocrx_word' id='word_1_124' title='bbox 549 1699 742 1752; x_wconf 89' lang='lat' dir='ltr'><strong>autem</strong></span> <span class='ocrx_word' id='word_1_125' title='bbox 779 1699 872 1751; x_wconf 89' lang='lat' dir='ltr'><strong>est</strong></span> <span class='ocrx_word' id='word_1_126' title='bbox 907 1693 967 1752; x_wconf 90' lang='lat' dir='ltr'><strong>in</strong></span> <span class='ocrx_word' id='word_1_127' title='bbox 1004 1693 1158 1752; x_wconf 88' lang='lat' dir='ltr'><strong>omni</strong></span> <span class='ocrx_word' id='word_1_128' title='bbox 1198 1693 1593 1772; x_wconf 86' lang='lat' dir='ltr'><strong>procuratione</strong></span> <span class='ocrx_word' id='word_1_129' title='bbox 1630 1693 1843 1772; x_wconf 86' lang='lat' dir='ltr'><strong>negotii</strong></span> <span class='ocrx_word' id='word_1_130' title='bbox 1870 1700 1929 1754; x_wconf 90' lang='lat' dir='ltr'><strong>et</strong></span> <span class='ocrx_word' id='word_1_131' title='bbox 1964 1711 2160 1752; x_wconf 88' lang='lat' dir='ltr'><strong>mune·</strong></span> <span class='ocrx_word' id='word_1_132' title='bbox 2193 1697 2267 1752; x_wconf 85' lang='lat'><strong>14</strong></span> 
     </span>
     <span class='ocr_line' id='line_1_17' title="bbox 224 1781 2267 1861; baseline 0.002 -21"><span class='ocrx_word' id='word_1_133' title='bbox 224 1783 304 1840; x_wconf 85' lang='lat' dir='ltr'><strong>ris</strong></span> <span class='ocrx_word' id='word_1_134' title='bbox 333 1781 564 1860; x_wconf 88' lang='lat' dir='ltr'><strong>publici,</strong></span> <span class='ocrx_word' id='word_1_135' title='bbox 593 1789 662 1840; x_wconf 90' lang='lat' dir='ltr'><strong>ut</strong></span> <span class='ocrx_word' id='word_1_136' title='bbox 685 1783 936 1842; x_wconf 81' lang='lat' dir='ltr'><strong>avaritiae</strong></span> <span class='ocrx_word' id='word_1_137' title='bbox 965 1783 1214 1861; x_wconf 89' lang='lat' dir='ltr'><strong>pellatur</strong></span> <span class='ocrx_word' id='word_1_138' title='bbox 1239 1781 1411 1842; x_wconf 89' lang='lat' dir='ltr'><strong>etiam</strong></span> <span class='ocrx_word' id='word_1_139' title='bbox 1436 1783 1667 1841; x_wconf 89' lang='lat' dir='ltr'><strong>minima</strong></span> <span class='ocrx_word' id='word_1_140' title='bbox 1693 1784 1955 1861; x_wconf 76' lang='lat' dir='ltr'><strong>suspicio,</strong></span> <span class='ocrx_word' id='word_1_141' title='bbox 2038 1783 2102 1842; x_wconf 82' lang='lat' dir='ltr'><em>U</em></span> <span class='ocrx_word' id='word_1_142' title='bbox 2094 1784 2159 1842; x_wconf 78' lang='lat' dir='ltr'><strong>ti·</strong></span> <span class='ocrx_word' id='word_1_143' title='bbox 2194 1789 2267 1844; x_wconf 83' lang='lat'><strong>15</strong></span> 
     </span>
     <span class='ocr_line' id='line_1_18' title="bbox 225 1873 2165 1950; baseline 0 -20"><span class='ocrx_word' id='word_1_144' title='bbox 225 1893 383 1941; x_wconf 76' lang='lat' dir='ltr'><strong>nam,</strong></span> <span class='ocrx_word' id='word_1_145' title='bbox 413 1873 594 1950; x_wconf 86' lang='lat' dir='ltr'><strong>inquit</strong></span> <span class='ocrx_word' id='word_1_146' title='bbox 623 1873 690 1932; x_wconf 87' lang='lat' dir='ltr'><strong>C.</strong></span> <span class='ocrx_word' id='word_1_147' title='bbox 718 1873 958 1931; x_wconf 88' lang='lat' dir='ltr'><strong>Pontius</strong></span> <span class='ocrx_word' id='word_1_148' title='bbox 998 1873 1240 1942; x_wconf 66' lang='lat' dir='ltr'><strong>Samnis-1,</strong></span> <span class='ocrx_word' id='word_1_149' title='bbox 1271 1874 1347 1931; x_wconf 84' lang='lat' dir='ltr'><strong>ad</strong></span> <span class='ocrx_word' id='word_1_150' title='bbox 1373 1875 1481 1931; x_wconf 73' lang='lat' dir='ltr'><strong>illa</strong></span> <span class='ocrx_word' id='word_1_151' title='bbox 1522 1883 1764 1948; x_wconf 80' lang='lat' dir='ltr'><strong>tempora</strong></span> <span class='ocrx_word' id='word_1_152' title='bbox 1804 1893 1891 1931; x_wconf 79' lang='lat' dir='ltr'><strong>me</strong></span> <span class='ocrx_word' id='word_1_153' title='bbox 1914 1875 2165 1950; x_wconf 78' lang='lat' dir='ltr'><strong>fortuna</strong></span> 
     </span>
     <span class='ocr_line' id='line_1_19' title="bbox 226 1963 2168 2039; baseline -0.001 -17"><span class='ocrx_word' id='word_1_154' title='bbox 226 1971 574 2031; x_wconf 70' lang='lat' dir='ltr'><strong>reservasset,</strong></span> <span class='ocrx_word' id='word_1_155' title='bbox 603 1971 655 2021; x_wconf 80' lang='lat' dir='ltr'><strong>et</strong></span> <span class='ocrx_word' id='word_1_156' title='bbox 683 1972 804 2022; x_wconf 74' lang='lat' dir='ltr'><strong>tum</strong></span> <span class='ocrx_word' id='word_1_157' title='bbox 829 1982 992 2022; x_wconf 72' lang='lat' dir='ltr'><strong>essem</strong></span> <span class='ocrx_word' id='word_1_158' title='bbox 1021 1971 1207 2032; x_wconf 72' lang='lat' dir='ltr'><strong>natue,</strong></span> <span class='ocrx_word' id='word_1_159' title='bbox 1239 1963 1465 2039; x_wconf 74' lang='lat' dir='ltr'><strong>quando</strong></span> <span class='ocrx_word' id='word_1_160' title='bbox 1488 1964 1736 2022; x_wconf 76' lang='lat' dir='ltr'><strong>Romani</strong></span> <span class='ocrx_word' id='word_1_161' title='bbox 1760 1966 1908 2021; x_wconf 76' lang='lat' dir='ltr'><strong>dmm</strong></span> <span class='ocrx_word' id='word_1_162' title='bbox 1932 1965 2168 2038; x_wconf 78' lang='lat' dir='ltr'><strong>accipere</strong></span> 
     </span>
     <span class='ocr_line' id='line_1_20' title="bbox 225 2051 2164 2131; baseline -0.001 -19"><span class='ocrx_word' id='word_1_163' title='bbox 225 2051 556 2131; x_wconf 63' lang='lat' dir='ltr'><strong>acepissent!</strong></span> <span class='ocrx_word' id='word_1_164' title='bbox 596 2073 710 2113; x_wconf 77' lang='lat' dir='ltr'><strong>mm</strong></span> <span class='ocrx_word' id='word_1_165' title='bbox 751 2073 916 2113; x_wconf 71' lang='lat' dir='ltr'><strong>essem</strong></span> <span class='ocrx_word' id='word_1_166' title='bbox 947 2072 1156 2130; x_wconf 71' lang='lat' dir='ltr'><strong>passm</strong></span> <span class='ocrx_word' id='word_1_167' title='bbox 1193 2055 1415 2112; x_wconf 74' lang='lat' dir='ltr'><strong>diutius</strong></span> <span class='ocrx_word' id='word_1_168' title='bbox 1452 2071 1539 2113; x_wconf 74' lang='lat' dir='ltr'><strong>eos</strong></span> <span class='ocrx_word' id='word_1_169' title='bbox 1576 2055 1863 2129; x_wconf 79' lang='lat' dir='ltr'><strong>imperare.</strong></span> <span class='ocrx_word' id='word_1_170' title='bbox 1944 2053 2056 2113; x_wconf 79' lang='lat' dir='ltr'><strong>Nae</strong></span> <span class='ocrx_word' id='word_1_171' title='bbox 2084 2053 2164 2111; x_wconf 89' lang='lat' dir='ltr'><strong>illi</strong></span> 
     </span>
     <span class='ocr_line' id='line_1_21' title="bbox 227 2144 2269 2223; baseline 0 -19"><span class='ocrx_word' id='word_1_172' title='bbox 227 2146 419 2204; x_wconf 85' lang='lat' dir='ltr'><strong>multa</strong></span> <span class='ocrx_word' id='word_1_173' title='bbox 462 2145 678 2203; x_wconf 83' lang='lat' dir='ltr'><strong>saecula</strong></span> <span class='ocrx_word' id='word_1_174' title='bbox 719 2145 1074 2223; x_wconf 85' lang='lat' dir='ltr'><strong>expectanda</strong></span> <span class='ocrx_word' id='word_1_175' title='bbox 1109 2145 1377 2203; x_wconf 78' lang='lat' dir='ltr'><strong>fuerunt:</strong></span> <span class='ocrx_word' id='word_1_176' title='bbox 1419 2144 1594 2203; x_wconf 89' lang='lat' dir='ltr'><strong>modo</strong></span> <span class='ocrx_word' id='word_1_177' title='bbox 1634 2144 1782 2202; x_wconf 89' lang='lat' dir='ltr'><strong>enim</strong></span> <span class='ocrx_word' id='word_1_178' title='bbox 1808 2144 1919 2202; x_wconf 86' lang='lat' dir='ltr'><strong>hoc</strong></span> <span class='ocrx_word' id='word_1_179' title='bbox 1947 2145 2163 2202; x_wconf 87' lang='lat' dir='ltr'><strong>malum</strong></span> <span class='ocrx_word' id='word_1_180' title='bbox 2195 2150 2269 2204; x_wconf 79' lang='lat'><strong>16</strong></span> 
     </span>
     <span class='ocr_line' id='line_1_22' title="bbox 228 2233 2165 2314; baseline -0.002 -19"><span class='ocrx_word' id='word_1_181' title='bbox 228 2237 288 2295; x_wconf 90' lang='lat' dir='ltr'><strong>in</strong></span> <span class='ocrx_word' id='word_1_182' title='bbox 315 2238 466 2295; x_wconf 84' lang='lat' dir='ltr'><strong>hane</strong></span> <span class='ocrx_word' id='word_1_183' title='bbox 492 2253 614 2292; x_wconf 90' lang='lat' dir='ltr'><strong>rem</strong></span> <span class='ocrx_word' id='word_1_184' title='bbox 641 2234 928 2313; x_wconf 85' lang='lat' dir='ltr'><strong>publicam</strong></span> <span class='ocrx_word' id='word_1_185' title='bbox 954 2234 1170 2293; x_wconf 81' lang='lat' dir='ltr'><strong>invasit.</strong></span> <span class='ocrx_word' id='word_1_186' title='bbox 1253 2236 1459 2312; x_wconf 85' lang='lat' dir='ltr'><strong>Itaque</strong></span> <span class='ocrx_word' id='word_1_187' title='bbox 1485 2235 1651 2294; x_wconf 83' lang='lat' dir='ltr'><strong>facile</strong></span> <span class='ocrx_word' id='word_1_188' title='bbox 1677 2233 1878 2314; x_wconf 81' lang='lat' dir='ltr'><strong>patior,</strong></span> <span class='ocrx_word' id='word_1_189' title='bbox 1908 2241 2034 2292; x_wconf 86' lang='lat' dir='ltr'><strong>tum</strong></span> <span class='ocrx_word' id='word_1_190' title='bbox 2063 2254 2165 2313; x_wconf 88' lang='lat' dir='ltr'><strong>po-</strong></span> 
     </span>
     <span class='ocr_line' id='line_1_23' title="bbox 229 2324 2164 2402; baseline -0.001 -17"><span class='ocrx_word' id='word_1_191' title='bbox 229 2328 350 2385; x_wconf 83' lang='lat' dir='ltr'><strong>tius</strong></span> <span class='ocrx_word' id='word_1_192' title='bbox 397 2326 668 2385; x_wconf 88' lang='lat' dir='ltr'><strong>Pontium</strong></span> <span class='ocrx_word' id='word_1_193' title='bbox 712 2324 902 2392; x_wconf 85' lang='lat' dir='ltr'><strong>fuisse,</strong></span> <span class='ocrx_word' id='word_1_194' title='bbox 951 2324 1227 2402; x_wconf 85' lang='lat' dir='ltr'><strong>siquidem</strong></span> <span class='ocrx_word' id='word_1_195' title='bbox 1274 2325 1333 2383; x_wconf 90' lang='lat' dir='ltr'><strong>in</strong></span> <span class='ocrx_word' id='word_1_196' title='bbox 1377 2326 1475 2384; x_wconf 89' lang='lat' dir='ltr'><strong>illo</strong></span> <span class='ocrx_word' id='word_1_197' title='bbox 1518 2332 1745 2384; x_wconf 82' lang='lat' dir='ltr'><strong>tantum</strong></span> <span class='ocrx_word' id='word_1_198' title='bbox 1782 2325 1891 2385; x_wconf 87' lang='lat' dir='ltr'><strong>fuit</strong></span> <span class='ocrx_word' id='word_1_199' title='bbox 1929 2326 2164 2383; x_wconf 85' lang='lat' dir='ltr'><strong>roboris.</strong></span> 
     </span>
     <span class='ocr_line' id='line_1_24' title="bbox 233 2414 2273 2494; baseline 0 -19"><span class='ocrx_word' id='word_1_200' title='bbox 233 2416 512 2475; x_wconf 80' lang='lat' dir='ltr'><strong>Nondum</strong></span> <span class='ocrx_word' id='word_1_201' title='bbox 539 2422 768 2473; x_wconf 87' lang='lat' dir='ltr'><strong>centum</strong></span> <span class='ocrx_word' id='word_1_202' title='bbox 795 2422 856 2473; x_wconf 89' lang='lat' dir='ltr'><strong>et</strong></span> <span class='ocrx_word' id='word_1_203' title='bbox 882 2414 1080 2474; x_wconf 87' lang='lat' dir='ltr'><strong>decem</strong></span> <span class='ocrx_word' id='word_1_204' title='bbox 1119 2415 1251 2473; x_wconf 86' lang='lat' dir='ltr'><strong>anni</strong></span> <span class='ocrx_word' id='word_1_205' title='bbox 1290 2422 1439 2484; x_wconf 90' lang='lat' dir='ltr'><strong>sunt,</strong></span> <span class='ocrx_word' id='word_1_206' title='bbox 1470 2436 1601 2474; x_wconf 90' lang='lat' dir='ltr'><strong>cum</strong></span> <span class='ocrx_word' id='word_1_207' title='bbox 1629 2416 1703 2473; x_wconf 91' lang='lat' dir='ltr'><strong>de</strong></span> <span class='ocrx_word' id='word_1_208' title='bbox 1730 2416 1981 2494; x_wconf 84' lang='lat' dir='ltr'><strong>pecuniis</strong></span> <span class='ocrx_word' id='word_1_209' title='bbox 2004 2435 2166 2494; x_wconf 87' lang='lat' dir='ltr'><strong>repe·</strong></span> <span class='ocrx_word' id='word_1_210' title='bbox 2199 2416 2273 2476; x_wconf 74' lang='lat'><strong>1¹7</strong></span> 
     </span>
     <span class='ocr_line' id='line_1_25' title="bbox 233 2497 2171 2575; baseline -0.001 -10"><span class='ocrx_word' id='word_1_211' title='bbox 233 2506 430 2565; x_wconf 83' lang='lat' dir='ltr'><strong>tundis</strong></span> <span class='ocrx_word' id='word_1_212' title='bbox 455 2524 493 2563; x_wconf 87' lang='lat' dir='ltr'><strong>a</strong></span> <span class='ocrx_word' id='word_1_213' title='bbox 517 2506 584 2565; x_wconf 88' lang='lat' dir='ltr'><strong>L.</strong></span> <span class='ocrx_word' id='word_1_214' title='bbox 612 2497 820 2564; x_wconf 86' lang='lat' dir='ltr'><strong>Pisone</strong></span> <span class='ocrx_word' id='word_1_215' title='bbox 846 2506 964 2565; x_wconf 85' lang='lat' dir='ltr'><strong>lata</strong></span> <span class='ocrx_word' id='word_1_216' title='bbox 990 2504 1084 2563; x_wconf 87' lang='lat' dir='ltr'><strong>lex</strong></span> <span class='ocrx_word' id='word_1_217' title='bbox 1111 2512 1216 2575; x_wconf 77' lang='lat' dir='ltr'><strong>est,</strong></span> <span class='ocrx_word' id='word_1_218' title='bbox 1245 2506 1403 2564; x_wconf 89' lang='lat' dir='ltr'><strong>nulla</strong></span> <span class='ocrx_word' id='word_1_219' title='bbox 1428 2513 1597 2565; x_wconf 89' lang='lat' dir='ltr'><strong>antea</strong></span> <span class='ocrx_word' id='word_1_220' title='bbox 1626 2524 1759 2563; x_wconf 86' lang='lat' dir='ltr'><strong>cum</strong></span> <span class='ocrx_word' id='word_1_221' title='bbox 1783 2506 1999 2566; x_wconf 73' lang='lat' dir='ltr'><strong>fuisset.</strong></span> <span class='ocrx_word' id='word_1_222' title='bbox 2082 2506 2171 2564; x_wconf 90' lang='lat' dir='ltr'><strong>At</strong></span> 
     </span>
     <span class='ocr_line' id='line_1_26' title="bbox 234 2596 2165 2675; baseline -0.001 -19"><span class='ocrx_word' id='word_1_223' title='bbox 234 2616 374 2657; x_wconf 77' lang='lat' dir='ltr'><strong>vero</strong></span> <span class='ocrx_word' id='word_1_224' title='bbox 417 2602 622 2673; x_wconf 84' lang='lat' dir='ltr'><strong>postea</strong></span> <span class='ocrx_word' id='word_1_225' title='bbox 663 2601 752 2653; x_wconf 88' lang='lat' dir='ltr'><strong>tot</strong></span> <span class='ocrx_word' id='word_1_226' title='bbox 789 2596 963 2675; x_wconf 87' lang='lat' dir='ltr'><strong>leges,</strong></span> <span class='ocrx_word' id='word_1_227' title='bbox 992 2602 1054 2654; x_wconf 86' lang='lat' dir='ltr'><strong>ct</strong></span> <span class='ocrx_word' id='word_1_228' title='bbox 1077 2596 1351 2673; x_wconf 74' lang='lat' dir='ltr'><strong>proximae</strong></span> <span class='ocrx_word' id='word_1_229' title='bbox 1380 2614 1627 2675; x_wconf 84' lang='lat' dir='ltr'><strong>quaeque</strong></span> <span class='ocrx_word' id='word_1_230' title='bbox 1654 2596 1925 2665; x_wconf 88' lang='lat' dir='ltr'><strong>duriores,</strong></span> <span class='ocrx_word' id='word_1_231' title='bbox 1955 2603 2043 2655; x_wconf 88' lang='lat' dir='ltr'><strong>tot</strong></span> <span class='ocrx_word' id='word_1_232' title='bbox 2068 2596 2165 2665; x_wconf 88' lang='lat' dir='ltr'><strong>rei,</strong></span> 
     </span>
     <span class='ocr_line' id='line_1_27' title="bbox 235 2686 2170 2765; baseline -0.001 -19"><span class='ocrx_word' id='word_1_233' title='bbox 235 2694 326 2746; x_wconf 90' lang='lat' dir='ltr'><strong>tot</strong></span> <span class='ocrx_word' id='word_1_234' title='bbox 345 2686 620 2754; x_wconf 86' lang='lat' dir='ltr'><strong>damnati,</strong></span> <span class='ocrx_word' id='word_1_235' title='bbox 639 2692 862 2747; x_wconf 84' lang='lat' dir='ltr'><strong>tantum</strong></span> <span class='ocrx_word' id='word_1_236' title='bbox 891 2686 1156 2745; x_wconf 87' lang='lat' dir='ltr'><strong>Italicum</strong></span> <span class='ocrx_word' id='word_1_237' title='bbox 1181 2686 1397 2745; x_wconf 88' lang='lat' dir='ltr'><strong>bellum</strong></span> <span class='ocrx_word' id='word_1_238' title='bbox 1424 2693 1663 2765; x_wconf 88' lang='lat' dir='ltr'><strong>propter</strong></span> <span class='ocrx_word' id='word_1_239' title='bbox 1682 2686 2025 2765; x_wconf 83' lang='lat' dir='ltr'><strong>judiciorum</strong></span> <span class='ocrx_word' id='word_1_240' title='bbox 2051 2705 2170 2744; x_wconf 90' lang='lat' dir='ltr'><strong>me-</strong></span> 
     </span>
     <span class='ocr_line' id='line_1_28' title="bbox 237 2775 2173 2856; baseline -0.001 -20"><span class='ocrx_word' id='word_1_241' title='bbox 237 2785 366 2836; x_wconf 83' lang='lat' dir='ltr'><strong>tum</strong></span> <span class='ocrx_word' id='word_1_242' title='bbox 411 2776 742 2845; x_wconf 82' lang='lat' dir='ltr'><strong>excitatum,</strong></span> <span class='ocrx_word' id='word_1_243' title='bbox 771 2782 946 2844; x_wconf 87' lang='lat' dir='ltr'><strong>tanta,</strong></span> <span class='ocrx_word' id='word_1_244' title='bbox 985 2776 1224 2836; x_wconf 86' lang='lat' dir='ltr'><strong>sublatis</strong></span> <span class='ocrx_word' id='word_1_245' title='bbox 1267 2776 1489 2856; x_wconf 85' lang='lat' dir='ltr'><strong>legibus</strong></span> <span class='ocrx_word' id='word_1_246' title='bbox 1528 2784 1588 2835; x_wconf 87' lang='lat' dir='ltr'><strong>et</strong></span> <span class='ocrx_word' id='word_1_247' title='bbox 1622 2777 1863 2855; x_wconf 89' lang='lat' dir='ltr'><strong>judiciis,</strong></span> <span class='ocrx_word' id='word_1_248' title='bbox 1908 2775 2173 2853; x_wconf 83' lang='lat' dir='ltr'><strong>expilatio</strong></span> 
     </span>
     <span class='ocr_line' id='line_1_29' title="bbox 239 2866 2174 2945; baseline -0.003 -18"><span class='ocrx_word' id='word_1_249' title='bbox 239 2867 600 2945; x_wconf 81' lang='lat' dir='ltr'><strong>direptioque</strong></span> <span class='ocrx_word' id='word_1_250' title='bbox 644 2866 942 2935; x_wconf 86' lang='lat' dir='ltr'><strong>sociorum,</strong></span> <span class='ocrx_word' id='word_1_251' title='bbox 983 2873 1050 2924; x_wconf 85' lang='lat' dir='ltr'><strong>ut</strong></span> <span class='ocrx_word' id='word_1_252' title='bbox 1095 2866 1477 2927; x_wconf 86' lang='lat' dir='ltr'><strong>imbecillitate</strong></span> <span class='ocrx_word' id='word_1_253' title='bbox 1518 2866 1775 2934; x_wconf 86' lang='lat' dir='ltr'><strong>aliorum,</strong></span> <span class='ocrx_word' id='word_1_254' title='bbox 1818 2883 1932 2923; x_wconf 90' lang='lat' dir='ltr'><strong>non</strong></span> <span class='ocrx_word' id='word_1_255' title='bbox 1978 2871 2174 2922; x_wconf 89' lang='lat' dir='ltr'><strong>nostra</strong></span> 
     </span>
     <span class='ocr_line' id='line_1_30' title="bbox 241 2958 789 3017; baseline -0.005 0"><span class='ocrx_word' id='word_1_256' title='bbox 241 2958 452 3017; x_wconf 81' lang='lat' dir='ltr'><strong>virtute</strong></span> <span class='ocrx_word' id='word_1_257' title='bbox 479 2970 789 3015; x_wconf 75' lang='lat' dir='ltr'><strong>valeamus.</strong></span> 
     </span>
    </p>
   </div>
   <div class='ocr_carea' id='block_1_3' title="bbox 248 3132 2249 3760">
    <p class='ocr_par' dir='ltr' id='par_1_4' title="bbox 248 3132 2249 3760">
     <span class='ocr_line' id='line_1_31' title="bbox 321 3132 2174 3213; baseline -0.002 -16"><span class='ocrx_word' id='word_1_258' title='bbox 321 3138 516 3197; x_wconf 77' lang='lat' dir='ltr'>XXII.</span> <span class='ocrx_word' id='word_1_259' title='bbox 557 3136 790 3197; x_wconf 86' lang='lat' dir='ltr'><strong>Laudat</strong></span> <span class='ocrx_word' id='word_1_260' title='bbox 803 3138 1140 3197; x_wconf 83' lang='lat' dir='ltr'><strong>Africanum</strong></span> <span class='ocrx_word' id='word_1_261' title='bbox 1163 3136 1473 3204; x_wconf 72' lang='lat' dir='ltr'><strong>Panaetius,</strong></span> <span class='ocrx_word' id='word_1_262' title='bbox 1492 3132 1647 3213; x_wconf 88' lang='lat' dir='ltr'><strong>quod</strong></span> <span class='ocrx_word' id='word_1_263' title='bbox 1673 3132 1845 3193; x_wconf 84' lang='lat' dir='ltr'><strong>fuerit</strong></span> <span class='ocrx_word' id='word_1_264' title='bbox 1870 3134 2174 3194; x_wconf 84' lang='lat' dir='ltr'><strong>abstinens.</strong></span> 
     </span>
     <span class='ocr_line' id='line_1_32' title="bbox 248 3224 2179 3305; baseline -0.003 -17"><span class='ocrx_word' id='word_1_265' title='bbox 248 3228 458 3299; x_wconf 80' lang='lat' dir='ltr'><strong>Quidni</strong></span> <span class='ocrx_word' id='word_1_266' title='bbox 497 3226 698 3287; x_wconf 85' lang='lat' dir='ltr'><strong>laudet</strong></span> <span class='ocrx_word' id='word_1_267' title='bbox 718 3228 746 3286; x_wconf 80' lang='lat'><strong>?</strong></span> <span class='ocrx_word' id='word_1_268' title='bbox 787 3228 888 3288; x_wconf 88' lang='lat' dir='ltr'><strong>sed</strong></span> <span class='ocrx_word' id='word_1_269' title='bbox 925 3228 985 3287; x_wconf 91' lang='lat' dir='ltr'><strong>in</strong></span> <span class='ocrx_word' id='word_1_270' title='bbox 1022 3228 1118 3287; x_wconf 90' lang='lat' dir='ltr'><strong>illo</strong></span> <span class='ocrx_word' id='word_1_271' title='bbox 1161 3228 1271 3287; x_wconf 84' lang='lat' dir='ltr'><strong>alia</strong></span> <span class='ocrx_word' id='word_1_272' title='bbox 1310 3226 1545 3305; x_wconf 88' lang='lat' dir='ltr'><strong>majora.</strong></span> <span class='ocrx_word' id='word_1_273' title='bbox 1627 3225 1781 3283; x_wconf 83' lang='lat' dir='ltr'><strong>Laus</strong></span> <span class='ocrx_word' id='word_1_274' title='bbox 1824 3224 2179 3285; x_wconf 83' lang='lat' dir='ltr'><strong>abstinentiae</strong></span> 
     </span>
     <span class='ocr_line' id='line_1_33' title="bbox 249 3314 2243 3395; baseline -0.002 -18"><span class='ocrx_word' id='word_1_275' title='bbox 249 3339 360 3379; x_wconf 88' lang='lat' dir='ltr'><strong>non</strong></span> <span class='ocrx_word' id='word_1_276' title='bbox 386 3317 632 3377; x_wconf 86' lang='lat' dir='ltr'><strong>hominis</strong></span> <span class='ocrx_word' id='word_1_277' title='bbox 659 3325 748 3377; x_wconf 89' lang='lat' dir='ltr'><strong>est</strong></span> <span class='ocrx_word' id='word_1_278' title='bbox 775 3320 976 3388; x_wconf 89' lang='lat' dir='ltr'><strong>solum,</strong></span> <span class='ocrx_word' id='word_1_279' title='bbox 1009 3318 1110 3377; x_wconf 89' lang='lat' dir='ltr'><strong>sed</strong></span> <span class='ocrx_word' id='word_1_280' title='bbox 1139 3318 1310 3377; x_wconf 85' lang='lat' dir='ltr'><strong>etiam</strong></span> <span class='ocrx_word' id='word_1_281' title='bbox 1334 3324 1659 3395; x_wconf 89' lang='lat' dir='ltr'><strong>temporum</strong></span> <span class='ocrx_word' id='word_1_282' title='bbox 1682 3314 1926 3375; x_wconf 86' lang='lat' dir='ltr'><strong>illorum.</strong></span> <span class='ocrx_word' id='word_1_283' title='bbox 2010 3315 2181 3374; x_wconf 88' lang='lat' dir='ltr'><strong>Omni</strong></span> <span class='ocrx_word' id='word_1_284' title='bbox 2208 3318 2243 3373; x_wconf 83' lang='lat'>2</span> 
     </span>
     <span class='ocr_line' id='line_1_34' title="bbox 251 3407 2179 3487; baseline -0.003 -20"><span class='ocrx_word' id='word_1_285' title='bbox 251 3408 635 3468; x_wconf 85' lang='lat' dir='ltr'><strong>Macedonum</strong></span> <span class='ocrx_word' id='word_1_286' title='bbox 660 3428 818 3487; x_wconf 84' lang='lat' dir='ltr'><strong>gaza,</strong></span> <span class='ocrx_word' id='word_1_287' title='bbox 846 3428 978 3486; x_wconf 83' lang='lat' dir='ltr'><strong>quae</strong></span> <span class='ocrx_word' id='word_1_288' title='bbox 1007 3409 1115 3469; x_wconf 88' lang='lat' dir='ltr'><strong>fuit</strong></span> <span class='ocrx_word' id='word_1_289' title='bbox 1139 3408 1401 3476; x_wconf 83' lang='lat' dir='ltr'><strong>maxima,</strong></span> <span class='ocrx_word' id='word_1_290' title='bbox 1432 3407 1649 3486; x_wconf 84' lang='lat' dir='ltr'><strong>potitus</strong></span> <span class='ocrx_word' id='word_1_291' title='bbox 1688 3407 1929 3465; x_wconf 89' lang='lat' dir='ltr'><strong>Paullus</strong></span> <span class='ocrx_word' id='word_1_292' title='bbox 1955 3411 2179 3463; x_wconf 87' lang='lat' dir='ltr'><strong>tantum</strong></span> 
     </span>
     <span class='ocr_line' id='line_1_35' title="bbox 249 3494 2181 3577; baseline -0.004 -20"><span class='ocrx_word' id='word_1_293' title='bbox 249 3498 307 3557; x_wconf 89' lang='lat' dir='ltr'><strong>in</strong></span> <span class='ocrx_word' id='word_1_294' title='bbox 352 3499 618 3557; x_wconf 85' lang='lat' dir='ltr'><strong>aerarium</strong></span> <span class='ocrx_word' id='word_1_295' title='bbox 667 3500 924 3577; x_wconf 83' lang='lat' dir='ltr'><strong>pecuniae</strong></span> <span class='ocrx_word' id='word_1_296' title='bbox 967 3499 1196 3567; x_wconf 84' lang='lat' dir='ltr'><strong>invexit,</strong></span> <span class='ocrx_word' id='word_1_297' title='bbox 1246 3505 1315 3557; x_wconf 88' lang='lat' dir='ltr'><strong>ut</strong></span> <span class='ocrx_word' id='word_1_298' title='bbox 1358 3499 1525 3557; x_wconf 87' lang='lat' dir='ltr'><strong>unius</strong></span> <span class='ocrx_word' id='word_1_299' title='bbox 1572 3497 1933 3576; x_wconf 83' lang='lat' dir='ltr'><strong>imperatoris</strong></span> <span class='ocrx_word' id='word_1_300' title='bbox 1980 3494 2181 3572; x_wconf 81' lang='lat' dir='ltr'><strong>praeda</strong></span> 
     </span>
     <span class='ocr_line' id='line_1_36' title="bbox 251 3582 2185 3649; baseline -0.005 0"><span class='ocrx_word' id='word_1_301' title='bbox 251 3589 421 3649; x_wconf 84' lang='lat' dir='ltr'><strong>finem</strong></span> <span class='ocrx_word' id='word_1_302' title='bbox 449 3588 706 3649; x_wconf 79' lang='lat' dir='ltr'><strong>attulerit</strong></span> <span class='ocrx_word' id='word_1_303' title='bbox 731 3589 1108 3648; x_wconf 85' lang='lat' dir='ltr'><strong>tributorum:</strong></span> <span class='ocrx_word' id='word_1_304' title='bbox 1149 3595 1212 3646; x_wconf 90' lang='lat' dir='ltr'><strong>at</strong></span> <span class='ocrx_word' id='word_1_305' title='bbox 1235 3588 1329 3647; x_wconf 87' lang='lat' dir='ltr'><strong>hic</strong></span> <span class='ocrx_word' id='word_1_306' title='bbox 1354 3590 1493 3648; x_wconf 90' lang='lat' dir='ltr'><strong>nihil</strong></span> <span class='ocrx_word' id='word_1_307' title='bbox 1531 3588 1767 3648; x_wconf 90' lang='lat' dir='ltr'><strong>domum</strong></span> <span class='ocrx_word' id='word_1_308' title='bbox 1801 3604 1969 3645; x_wconf 87' lang='lat' dir='ltr'><strong>suam</strong></span> <span class='ocrx_word' id='word_1_309' title='bbox 1994 3582 2185 3643; x_wconf 89' lang='lat' dir='ltr'><strong>intulit</strong></span> 
     </span>
     <span class='ocr_line' id='line_1_37' title="bbox 254 3676 2249 3760; baseline -0.003 -21"><span class='ocrx_word' id='word_1_310' title='bbox 254 3686 466 3760; x_wconf 80' lang='lat' dir='ltr'><strong>praeter</strong></span> <span class='ocrx_word' id='word_1_311' title='bbox 504 3678 837 3739; x_wconf 84' lang='lat' dir='ltr'><strong>memoriam</strong></span> <span class='ocrx_word' id='word_1_312' title='bbox 877 3678 1116 3738; x_wconf 88' lang='lat' dir='ltr'><strong>nominis</strong></span> <span class='ocrx_word' id='word_1_313' title='bbox 1157 3680 1576 3759; x_wconf 83' lang='lat' dir='ltr'><strong>sempiternam.</strong></span> <span class='ocrx_word' id='word_1_314' title='bbox 1656 3677 1923 3737; x_wconf 84' lang='lat' dir='ltr'><strong>Imitatus</strong></span> <span class='ocrx_word' id='word_1_315' title='bbox 1960 3680 2184 3753; x_wconf 83' lang='lat' dir='ltr'><strong>patrem</strong></span> <span class='ocrx_word' id='word_1_316' title='bbox 2212 3676 2249 3733; x_wconf 78' lang='lat'><em>8</em></span> 
     </span>
    </p>
   </div>
  </div>
 </body>
</html>
