2484 4175
253 289 334 346 88
1085 297 1166 338 ιιι
1203 295 1465 338 omens

356 429 504 492 inest
531 434 712 508 parte,
735 427 810 488 de
827 443 945 506 qua
963 426 1341 506 disputamus.
1402 423 1609 503 Neque
1634 423 1787 484 enim
1812 422 2000 484 solum
2024 424 2307 528 corporis,

354 520 454 599 qui
477 520 555 580 ad
579 525 842 578 naturam
866 517 990 595 apti
1015 523 1168 585 sunt,
1197 515 1303 574 sed
1342 513 1526 574 multo
1566 514 1741 576 etiam
1766 513 1949 594 magis
1976 515 2153 574 animi
2178 526 2304 574 mo'-

252 617 324 671 11
353 618 448 670 tus
473 609 774 689 probandi,
804 608 904 686 qui
927 608 1066 668 item
1093 605 1171 666 ad
1195 613 1461 664 naturam
1498 603 1917 666 accommodati
1942 611 2095 666 sunt.
2114 623 2159 665 ›v‹
2178 606 2305 664 Du-

353 701 490 780 plex
515 705 606 760 est
629 698 780 758 enim
805 698 892 758 vis
931 697 1251 758 animorum
1291 701 1465 774 atque
1502 701 1742 754 natura·
1728 739 1743 752 .
1784 713 1901 754 una
1940 713 2075 773 pars
2112 695 2175 754 in
2198 714 2304 774 ap-

351 790 540 870 petitu
575 788 763 868 posita
801 794 909 856 est,
939 806 1072 865 quae
1113 793 1206 846 est
1245 783 1380 864 ὃςμκὴ
1412 785 1653 853 Gmce,
1680 803 1813 863 quse
1854 784 2144 844 hominem
2183 785 2303 844 huc

353 886 414 938 et
437 878 572 938 illuc
607 877 791 956 rapit:
833 877 1014 936 altera
1037 876 1096 936 in
1119 875 1357 946 ratione,
1384 893 1517 953 quae
1556 873 1729 944 docet
1752 881 1816 942 et
1838 873 2129 953 explanat,
2158 875 2303 953 quid

351 968 676 1028 faciendum
713 965 1119 1047 fugiendumve
1157 965 1247 1024 sit.
1329 966 1425 1024 Ita
1462 965 1545 1033 fit,
1570 970 1639 1024 ut
1662 964 1807 1024 ratio
1832 963 2045 1047 proesit,
2072 966 2301 1043 appeti·

350 1065 447 1120 tus
491 1059 866 1138 obtemperet.
947 1056 1164 1116 XXIX.
1208 1054 1411 1116 Omnis
1456 1061 1653 1114 autem
1690 1054 1843 1114 actio
1877 1072 2081 1114 vacare
2121 1055 2303 1114 debet

351 1149 669 1210 temeritate
707 1155 770 1208 et
807 1146 1195 1226 negligentia:
1237 1163 1347 1210 nec
1385 1164 1521 1205 vero
1559 1161 1732 1225 agere
1774 1142 2101 1222 quidquam,
2130 1145 2301 1223 cujus

287 1243 324 1298 2
351 1257 468 1298 non
493 1238 678 1317 possis
705 1256 940 1298 causam
979 1235 1333 1315 probabilem
1370 1234 1627 1296 reddere.
1708 1233 1857 1294 Haec
1882 1240 1975 1294 est
1998 1233 2150 1294 enim
2175 1235 2301 1294 fere

350 1329 658 1408 descriptio
681 1327 862 1387 officii.
929 1325 1307 1386 Efficiendum
1330 1331 1527 1384 autem
1552 1330 1660 1394 est,
1680 1331 1749 1384 ut
1772 1324 2065 1403 appetitus
2090 1323 2303 1384 rationi

351 1418 638 1486 obediant,
665 1434 906 1493 eamque
941 1434 1129 1494 neque
1322 1421 1539 1485 urrant,
1576 1433 1683 1474 nec
1724 1421 1961 1493 propter
2006 1413 2301 1518 pigritiam

351 1513 454 1566 aut
477 1506 760 1584 ignaviam
799 1505 1100 1564 deserant:
1143 1524 1172 1563 s
1294 1522 1368 1564 ue
1408 1503 1713 1583 tranquilli,
1738 1510 1911 1590 atque
1938 1503 2087 1564 omni
2122 1503 2299 1564 animi

285 1601 322 1655 3
351 1594 774 1674 perturbatione
822 1600 1068 1652 careant.
1149 1593 1239 1651 Ex
1284 1611 1402 1671 quo
1446 1594 1694 1658 elucebit
1740 1593 1923 1654 omnis
1975 1593 2301 1652 constantia

351 1683 644 1762 omnisque
667 1681 999 1742 moderatio.
1080 1682 1236 1746 Nam
1260 1683 1359 1762 qui
1384 1683 1675 1762 appetitus
1701 1683 1926 1762 longius
1952 1689 2297 1763 evagantur,

351 1781 412 1836 et
436 1781 728 1852 tamquam
753 1771 1074 1834 exultantes
1093 1771 1218 1834 sive
1246 1773 1547 1852 cupiendO,
1569 1773 1687 1833 sive
1706 1771 1997 1852 fugiendO,
2018 1791 2133 1832 non
2152 1773 2301 1834 satis

349 1857 392 1922 a
411 1864 627 1924 ratione
651 1863 980 1932 retinentur,
1008 1862 1048 1924 ii
1073 1863 1193 1922 sine
1219 1862 1397 1923 dubio
1436 1863 1607 1923 finem
1630 1870 1690 1922 et
1714 1862 1951 1922 modum
1976 1869 2296 1924 transeunt.

349 1953 699 2033 Relinquunt
722 1953 873 2014 enim
901 1961 960 2014 et
987 1953 1263 2033 abjiciunt
1288 1953 1683 2022 obedientiam,
1710 1972 1815 2012 nec
1840 1951 2041 2011 rationi
2066 1961 2295 2031 parent,

349 2044 441 2107 cui
467 2051 600 2105 sunt
625 2043 870 2125 subjecti
894 2044 1024 2125 lege
1043 2052 1302 2105 naturae.
1330 2062 1367 2103 a
1393 2043 1599 2123 quibus
1624 2061 1741 2103 non
1764 2043 1939 2103 modo
1964 2042 2134 2103 animi
2160 2061 2297 2122 per-

283 2140 322 2195 4
349 2137 668 2205 turbantur,
693 2136 799 2195 sed
825 2135 998 2195 etiam
1037 2154 1293 2214 corpora.
1376 2135 1539 2195 Licet
1565 2152 1667 2193 ora
1691 2134 1817 2213 ipsa
1854 2152 2083 2193 cernere
2118 2132 2299 2193 irato·

347 2245 496 2297 rum,
523 2233 626 2287 aut
651 2244 868 2293 eorum,
897 2225 996 2301 qui
1033 2231 1140 2283 aut
1177 2224 1409 2284 libidine
1446 2224 1637 2303 aliqua
1674 2230 1778 2282 aut
1820 2229 1981 2281 metu
2018 2224 2299 2283 commoti

348 2323 499 2385 sunt,
526 2321 628 2374 aut
652 2313 970 2404 voluptate
973 2312 1146 2371 nimia
1185 2290 1475 2392 gestauit:
1516 2332 1760 2390 quorum
1797 2312 2047 2380 omnium
2072 2312 2294 2385 vultus,

283 2413 320 2466 5
349 2424 536 2472 voceS,
561 2409 753 2461 motus
780 2376 1079 2479 statusque
1105 2408 1419 2461 mutantur.
1497 2402 1587 2461 Ex
1612 2403 1820 2481 quibus
1846 2397 1991 2468 illud
1999 2402 2295 2483 intelligi-

323 2501 418 2553 tur
445 2490 537 2572 (ut
560 2490 636 2549 ad
663 2490 830 2551 officii
853 2492 1098 2551 formam
1123 2489 1499 2570 revertamur)
1522 2492 1813 2570 appetitus
1838 2510 2037 2551 omnes
2063 2498 2295 2551 eontra-

347 2581 566 2641 hendos
611 2579 1034 2662 sedandosque
1047 2600 1193 2650 esse,
1233 2580 1745 2676 οιοιιειιάειιιιᾳιιο
1744 2580 2295 2664 animadversionem

349 2678 408 2731 et
435 2669 799 2749 diligentiam,
825 2676 894 2730 ιιι
932 2689 1008 2729 ne
1013 2670 1186 2748 quid
1223 2658 1439 2731 temere
1485 2689 1555 2731 ac
1596 2647 1846 2740 fortuito,
1872 2665 2293 2797 inconsiderate

349 2760 813 2841 negligenterque
837 2779 1096 2841 agamus.
1158 2780 1180 2820 ι.
1268 2796 1285 2821 .·
1382 2810 1397 2837 4

282 2947 320 3002 6
427 2940 632 3022 Neque
677 2940 828 3001 enim
869 2939 954 3001 ita
989 2939 1245 3021 generati
1282 2958 1319 2999 a
1356 2946 1561 3001 natura
1602 2960 1819 3009 sumus,
1858 2946 1929 2999 ut
1964 2940 2043 3001 ad
2072 2896 2291 3003 ludum

349 3039 408 3091 et
428 3033 626 3112 jocum
663 3030 802 3091 facti
837 3050 965 3091 esse
990 3030 1321 3091 videamur:
1363 3031 1438 3090 ad
1478 3030 1837 3093 severitatem
1875 3030 2084 3110 potius,
2112 3038 2175 3091 et
2206 3034 2289 3093 ad

284 3122 319 3181 ’1
349 3122 615 3199 quaedam
642 3120 832 3181 studia
853 3121 1115 3201 graviora
1139 3128 1313 3199 atque
1338 3121 1573 3200 majora.
1652 3119 1821 3179 Ludo
1846 3127 2039 3179 autem
2065 3127 2127 3179 et
2147 3121 2286 3199 joco

347 3211 434 3270 uti
475 3211 574 3269 illo
611 3210 844 3288 quidem
879 3211 1050 3271 licet:
1093 3211 1198 3272 sed
1237 3210 1386 3271 sicut
1424 3230 1625 3270 somno
1651 3216 1711 3269 et
1736 3210 2020 3287 quietibus
2056 3211 2284 3281 ceteris,

284 3306 320 3359 8
349 3307 491 3369 tum,
513 3318 648 3359 cum
673 3300 942 3377 gravibus
967 3300 1234 3377 seriisque
1255 3302 1425 3362 rebus
1446 3300 1898 3361 satisfecerimus.
1966 3301 2287 3383 Ipsumque

347 3407 531 3469 genus
553 3388 782 3467 jocandi
806 3407 921 3447 non
947 3385 1243 3467 profusum
1271 3408 1376 3451 nec
1402 3390 1819 3458 immodestum,
1842 3388 1947 3447 sed
1972 3390 2287 3469 ingenuum

283 3484 320 3539 9
347 3486 408 3537 et
431 3479 682 3539 facetum
706 3496 832 3537 esse
857 3477 1050 3539 debet.
1129 3479 1216 3537 Ut
1239 3480 1389 3539 enim
1414 3479 1605 3558 pueris
1628 3498 1745 3538 non
1782 3497 2010 3539 omnem
2048 3479 2286 3540 ludendi

347 3568 630 3628 licentiam
655 3568 878 3636 damus,
906 3567 1008 3626 sed
1035 3584 1180 3637 eam,
1207 3586 1339 3645 quae
1364 3569 1438 3628 ab
1466 3569 1780 3670 honestatis
1817 3568 2131 3630 actionibus
2170 3588 2287 3631 non

347 3659 424 3719 sit
447 3658 664 3718 aliena:
705 3657 786 3719 sic
811 3656 870 3717 ιιι
895 3656 1020 3735 ipso
1051 3656 1188 3736 joco
1225 3657 1459 3735 aliquod
1500 3656 1665 3736 probi
1702 3628 1911 3737 ingenii
1944 3658 2137 3720 lumen
2160 3658 2285 3721 elu-
