2484 4175
273 309 350 363 92
1101 317 1178 356 nn
1205 316 1459 358 ormons

378 457 528 509 taret
565 469 628 508 se
653 447 859 517 valere,
889 448 937 507 si
977 447 1216 526 proximi
1256 446 1500 505 membri
1538 445 1923 504 valetudinem
1964 446 2039 504 ad
2080 465 2144 504 se
2190 463 2313 504 tra·

378 540 650 608 duxisset,
674 539 952 598 debilitari
969 545 1030 597 et
1049 538 1273 596 interire
1296 544 1487 597 totum
1510 556 1717 614 corpus
1736 555 1967 594 necesse
1990 544 2170 595 esset:
2206 537 2307 605 sic,-

379 630 426 688 si
449 648 600 688 unus
625 629 862 707 quisque
887 635 1144 688 nostrum
1169 627 1247 686 ad
1274 647 1335 686 se
1362 626 1547 704 rapiat
1584 627 1887 686 commoda
1912 628 2169 696 aliorum,
2204 627 2308 686 de-

377 718 678 797 trahatque
699 720 854 797 quod
881 720 1082 797 cuique
1111 718 1308 796 possit,
1330 717 1697 776 emolumenti
1722 717 1810 774 sui
1836 718 2036 796 gratia,
2060 717 2309 774 societas

311 814 350 868 4
376 809 664 868 hominum
693 817 752 870 et
779 809 1152 869 communitas
1179 815 1469 867 evertatur
1493 827 1723 866 necesse
1750 815 1854 866 est.
1923 807 2077 865 Nam
2104 808 2213 866 sibi
2238 815 2309 866 ut

377 899 617 976 quisque
643 899 819 968 malit,
849 899 1004 978 quod
1031 899 1107 957 ad
1135 918 1306 958 usum
1332 899 1465 957 vitae
1492 898 1789 976 pertineat,
1818 917 1992 975 quam
2017 897 2183 956 alteri
2210 917 2307 955 ac-

377 989 615 1066 quirere,
645 1008 975 1048 concessum
1001 996 1106 1058 est,
1125 1008 1240 1047 non
1268 995 1622 1068 repugnante
1648 995 1887 1046 natura:
1928 987 2071 1046 illud
2096 994 2309 1046 natura

377 1096 493 1137 non
511 1079 745 1157 patitur,
765 1087 834 1138 ut
853 1081 1090 1138 aliorum
1111 1078 1303 1157 spoliis
1329 1085 1553 1137 nostras
1579 1077 1899 1146 facultates,
1928 1077 2140 1156 copias,
2162 1097 2309 1156 opes

313 1176 349 1228 5
378 1187 708 1248 augeamus,
794 1170 998 1247 Neque
1024 1189 1161 1228 vero
1179 1170 1290 1227 hoc
1318 1169 1503 1227 solum
1530 1169 1752 1236 natura,
1780 1167 1841 1225 id
1879 1174 1969 1225 est
2005 1168 2139 1244 jure
2164 1187 2307 1246 gen-

377 1258 536 1327 tium,
565 1259 668 1318 sed
693 1260 864 1318 etiam
890 1260 1112 1339 legibus
1140 1259 1502 1338 populorum,
1532 1257 1736 1336 quibus
1763 1257 1820 1315 in
1846 1257 2081 1336 singulis
2109 1257 2306 1316 civita-

376 1349 530 1407 tibus
557 1367 648 1408 res
675 1349 906 1426 publica
931 1350 1267 1416 continetur,
1292 1348 1494 1406 eodem
1520 1346 1693 1405 modo
1714 1348 2086 1406 constitutum
2110 1354 2217 1416 est,
2240 1355 2306 1407 ut

313 1443 349 1498 6
377 1457 490 1496 non
515 1438 684 1495 liceat
709 1439 796 1496 sui
823 1438 1110 1497 commodi
1145 1457 1321 1496 causa
1344 1455 1549 1496 nocere
1576 1437 1755 1496 alteri.
1837 1436 1966 1496 Hoc
1994 1438 2147 1496 enim
2172 1457 2307 1516 spe-

375 1533 532 1586 ctant
550 1526 722 1604 legeS,
737 1526 844 1584 hoc
857 1528 1072 1595 volunt,
1093 1526 1434 1586 incolumem
1456 1547 1581 1586 esse
1603 1527 1806 1586 civium
1821 1527 2305 1606 conjunctionem:

375 1633 549 1693 quam
569 1615 668 1691 qui
687 1615 972 1684 dirimunt,
993 1635 1092 1674 eos
1117 1623 1318 1684 morte,
1340 1617 1524 1686 exili0,
1547 1617 1761 1685 vincliS,
1785 1616 1991 1675 damno
2020 1625 2305 1678 coercent.

312 1705 346 1764 ’1
375 1706 575 1782 Atque
619 1705 728 1762 hoc
769 1705 954 1763 multo
991 1707 1178 1784 magis
1220 1707 1392 1765 efficit
1428 1707 1555 1784 ipsa
1592 1713 1815 1765 naturae
1854 1707 2013 1775 ratic,
2044 1727 2177 1785 quae
2216 1715 2308 1766 est

375 1794 468 1853 lex
493 1795 682 1854 divina
708 1802 768 1854 et
793 1796 1058 1864 humana,
1089 1796 1180 1854 cui
1207 1815 1407 1874 parere
1434 1797 1533 1873 qui
1558 1797 1696 1856 velit
1724 1795 1947 1876 (omnes
1972 1805 2171 1856 autem
2200 1818 2303 1877 pa-

375 1885 598 1956 rebunt,
627 1887 724 1964 qui
751 1886 1066 1944 secundum
1091 1893 1355 1945 naturam
1372 1887 1565 1946 volent
1585 1885 1799 1965 vivere)
1826 1905 2120 1964 nunquam
2148 1907 2305 1946 com-

373 1975 580 2046 mittet,
608 1985 674 2036 ut
713 1977 958 2034 alienum
997 1982 1251 2054 appetat,
1282 1982 1341 2035 et
1366 1976 1442 2044 id,
1473 1977 1629 2054 quod
1654 1977 1816 2035 alteri
1842 1976 2167 2046 detraxerit,
2198 1979 2305 2038 sibi

311 2071 347 2126 8
375 2074 642 2127 assumat.
712 2067 936 2127 Etenim
963 2066 1146 2125 multo
1171 2067 1357 2145 magis
1378 2073 1467 2125 est
1486 2065 1801 2126 secundum
1826 2073 2091 2125 naturam
2120 2068 2305 2128 excel·-

374 2157 510 2216 sitas
538 2158 707 2217 animi
733 2166 794 2218 et
819 2158 1168 2237 magnitudo,
1199 2157 1451 2235 itemque
1477 2158 1871 2229 communitas,
1896 2158 2136 2235 justitia,
2165 2159 2302 2218 libe-

374 2247 584 2318 ralitaS,
615 2268 787 2326 quam
825 2249 1109 2326 voluptas,
1149 2266 1321 2324 quam
1362 2248 1498 2315 vita,
1530 2266 1701 2325 quam
1730 2248 1975 2306 divitiae:
2018 2268 2152 2326 quae
2180 2250 2302 2327 qui·

375 2335 508 2395 dem
536 2346 893 2395 contemnere
921 2345 980 2395 et
1007 2356 1114 2415 pro
1139 2337 1311 2396 nihilo
1334 2337 1557 2406 ducere,
1582 2344 2019 2415 comparantem.
2034 2358 2168 2397 cum
2194 2340 2303 2397 uti-

311 2430 350 2484 9
375 2424 534 2483 litate
555 2426 855 2493 communi,
877 2427 1070 2505 magni
1091 2427 1261 2485 animi
1282 2434 1341 2485 et
1361 2429 1568 2487 excelsi
1593 2435 1699 2487 est.
1769 2428 2087 2487 Detrahere
2107 2437 2301 2487 autem

375 2512 448 2571 de
469 2514 646 2571 altero
667 2515 755 2572 sui
782 2516 1064 2592 commodi
1085 2534 1275 2587 causa,
1298 2518 1479 2597 magis
1500 2525 1588 2577 est
1607 2525 1803 2576 contra
1822 2524 2101 2587 naturam,
2124 2538 2301 2596 quam

277 2608 346 2661 10
373 2620 542 2670 mom,
575 2622 748 2680 quam
776 2604 955 2673 dolor,
984 2624 1156 2682 quam
1191 2614 1379 2665 cetera
1418 2608 1641 2687 generis
1678 2608 1954 2685 ejusdem.
2036 2609 2301 2686 Itemque
2330 2648 2343 2657 -
2370 2658 2378 2663 .

373 2692 556 2770 magis
583 2700 671 2751 est
697 2694 1008 2752 secundum
1035 2701 1315 2765 naturam,
1348 2717 1455 2775 pro
1488 2698 1745 2757 omnibus
1780 2698 2063 2775 gentibuS,
2094 2698 2145 2756 si
2184 2699 2299 2757 fieri

373 2783 569 2863 possit,
599 2784 992 2845 conservandis
1019 2792 1119 2843 aut
1140 2786 1410 2863 juvandis
1438 2788 1711 2845 maximos
1738 2787 1963 2846 labores
1982 2788 2299 2846 molestias-

375 2890 486 2950 que
515 2873 835 2951 suscipere,
875 2874 1193 2934 imitantem
1234 2876 1543 2935 Herculem
1582 2876 1760 2945 illum,
1790 2896 1963 2955 quem
2002 2878 2297 2936 hominum

371 2962 542 3033 fama,
573 2964 970 3023 beneficiorum
1005 2982 1241 3034 memor,
1272 2966 1330 3023 in
1367 2966 1599 3025 concilio
1636 2967 1954 3025 coelestium
1980 2967 2298 3036 collocavit,

375 3072 549 3130 quam
577 3055 769 3115 vivere
795 3055 854 3113 in
881 3054 1199 3124 solitudine,
1227 3074 1341 3114 non
1376 3056 1550 3113 modo
1578 3055 1695 3114 sine
1720 3056 1850 3114 ullis
1876 3056 2165 3125 molestiiS‚
2196 3056 2298 3115 sed

373 3142 544 3200 etiam
582 3144 641 3201 in
664 3146 920 3203 maximis
947 3146 1351 3224 voluptatibuS,
1381 3145 1766 3203 abundantem
1806 3145 2067 3204 omnibus
2104 3147 2299 3223 copiiS,

275 3236 342 3288 11
373 3238 440 3288 ut
467 3233 707 3291 excellas
735 3235 906 3293 etiam
932 3235 1351 3311 pulchritudine
1376 3242 1437 3293 et
1462 3235 1689 3294 viribus
1774 3236 2053 3305 Quocirca
2080 3237 2301 3315 optimo

373 3320 610 3397 quisque
655 3328 713 3379 et
759 3324 1214 3399 splendidissimo
1260 3324 1483 3403 ingenio
1532 3325 1701 3403 longe
1744 3325 1901 3382 illam
1939 3326 2117 3385 vitam
2168 3328 2301 3385 huic

273 3414 346 3467 12
375 3410 682 3487 anteponit.
764 3412 851 3467 Ex
891 3431 1004 3487 quo
1045 3413 1301 3481 efficitur,
1348 3414 1633 3473 hominem
1675 3420 1896 3472 naturae
1940 3414 2303 3474 obedientem

273 3504 344 3560 13
374 3498 586 3556 homini
611 3517 814 3557 nocere
838 3518 954 3557 non
977 3519 1160 3577 posse.
1231 3502 1453 3561 Deinde
1478 3504 1577 3581 qui
1604 3504 1847 3561 alterum
1870 3504 2059 3573 violat,
2084 3512 2149 3561 ut
2175 3506 2304 3583 ipse

371 3587 586 3666 aliquid
630 3588 911 3647 commodi
955 3598 1349 3668 consequatur,
1380 3600 1483 3651 aut
1519 3593 1659 3651 nihil
1696 3592 1985 3651 existimat
2020 3612 2083 3651 se
2109 3594 2305 3653 facere

373 3682 572 3738 contra
595 3686 856 3738 naturam
879 3699 895 3749 ;
935 3686 1039 3739 aut
1063 3680 1249 3759 magis
1273 3682 1603 3761 fugiendam
1628 3688 1824 3741 censet
1852 3689 2115 3751 mortem,
2156 3702 2307 3763 pau-
