2484 4175
844 347 1018 388 unna
1043 347 1131 388 111.
1214 345 1348 388 oar.
1378 348 1434 388 x.
2077 325 2154 388 θ’(

110 478 168 538 si
190 478 407 538 habeat
432 477 673 556 sepiem,
702 475 873 536 nihilo
902 476 1033 555 plus
1074 475 1181 536 sibi
1206 469 1381 535 licere*
1403 483 1568 555 putet
1595 493 1849 554 peccare,
1879 493 2054 553 quam

114 569 166 627 si
188 587 305 627 non
330 569 585 626 haberet.
668 567 925 624 Honesta
952 567 1101 624 enim
1140 566 1300 624 bonis
1327 567 1478 635 viris,
1503 585 1618 623 non
1645 565 1870 644 occulta
1895 583 2082 642 quae·-
2128 561 2134 569 '

112 664 335 716 runtur.
418 657 617 734 Atque
643 655 753 714 hoc
780 656 907 714 loco
935 655 1259 733 philosophi
1284 655 1531 733 quidam,
1560 654 1786 714 minime
1812 655 1948 712 mali
1971 654 2054 714 illi
2081 662 2118 714 5

114 747 367 825 quidem,
385 746 489 804 sed
515 765 629 803 non
655 745 791 804 satis
818 746 989 813 acuti,
1014 745 1207 804 fictam
1234 752 1296 802 et
1323 745 1772 804 commenticiam
1798 744 2054 813 fabulam

116 837 405 915 prolatam
450 835 648 894 dicunt
690 853 727 890 a
768 834 1010 892 Platone
1017 853 1042 906 j
1085 833 1250 912 quasi
1276 852 1410 892 vero
1451 835 1562 903 ille,
1591 835 1695 892 aut
1732 834 1951 898 factum
1993 831 2054 890 id

126 945 264 995 esse,
291 931 395 983 ant
429 925 551 983 fieri
593 924 847 1003 potuisse
890 923 1178 982 defendat.
1263 923 1410 982 Haec
1451 930 1542 982 est
1568 923 1652 981 vis
1689 923 1868 1002 hujus
1903 923 2054 981 anu‘li
2083 927 2120 981 6

130 1023 179 1074 ιι
220 1016 397 1094 hujus
440 1014 705 1091 exempli,
746 1013 795 1070 si
831 1031 1000 1070 nemo
1042 1013 1306 1080 sciturae,
1343 1031 1514 1070 nemo
1551 1031 1626 1070 ne
1665 1013 2055 1091 suspicaturus

137 1105 353 1183 [uidem
394 1103 483 1172 sit,
522 1122 655 1161 cum
696 1101 911 1180 aliquid
954 1101 1293 1170 divitiarum,
1322 1102 1610 1179 potentiae,
1641 1101 2052 1170 dominationis,

140 1193 365 1254 :bidinis
408 1211 581 1252 causa
621 1192 839 1260 fecer-ie,
870 1191 917 1249 si
954 1191 1015 1248 id
1054 1191 1163 1250 diis
1204 1191 1641 1268 hominibusque
1684 1191 1942 1248 futurum
1983 1191 2058 1249 sit

133 1302 351 1362 0emper
364 1283 638 1361 ignotum,
657 1281 803 1338 sisne
823 1280 1095 1339 facturus,
1151 1281 1388 1359 Negant
1403 1280 1464 1339 id
1479 1281 1598 1338 fieri
1615 1291 1800 1358 posse.
1843 1280 2055 1350 Quam·
2085 1280 2120 1340 ’1

128 1391 297 1452 {uam
339 1377 531 1450 potest
556 1370 617 1428 id
643 1369 905 1448 quidem:
948 1369 1052 1427 sed
1090 1387 1304 1447 quaer0,
1335 1370 1490 1447 quod
1529 1376 1746 1448 negant
1783 1387 1966 1448 posse,
1995 1369 2056 1428 id

116 1464 169 1522 ei
195 1467 411 1540 posset,
440 1460 715 1538 quidnam
738 1460 993 1518 facerent
1011 1459 1041 1518 ‘2
1123 1459 1350 1538 Urgent
1387 1459 1598 1518 rustice
1625 1478 1798 1518 sane:
1841 1467 2056 1539 negant
2085 1465 2122 1519 8

62 1615 67 1621 ,
120 1552 275 1612 enim
301 1569 486 1628 posse,
516 1557 577 1608 et
601 1549 661 1607 in
684 1567 753 1607 eo
780 1555 1055 1651 perstant.
1137 1549 1266 1607 Hoc
1293 1549 1528 1608 verbum
1547 1549 1687 1627 quid
1712 1549 1916 1618 valeat,
1943 1569 2056 1608 non

118 1641 333 1699 vident.
418 1640 567 1698 Cum
594 1639 742 1698 enim
782 1638 1107 1716 quaerimuS,
1137 1639 1187 1697 si
1212 1638 1398 1697 celare
1425 1639 1659 1718 possint,
1687 1639 1827 1716 quid
1848 1639 2058 1698 facturi
2086 1645 2124 1700 9
2238 1695 2242 1700 ,
2295 1654 2301 1660 ·

122 1731 249 1798 sint,
268 1749 387 1795 non
412 1725 736 1805 quan-imus,
756 1728 1045 1806 possintne
1074 1728 1294 1796 celare;
1323 1728 1426 1786 sed
1453 1727 1750 1818 tamquam
1774 1735 2061 1790 tormenta

120 1820 397 1898 quaedam
434 1818 787 1886 adhibemuS,
816 1824 901 1885 ut,
931 1818 979 1876 si
1002 1817 1418 1896 responderint,
1447 1837 1526 1887 se,
1555 1809 1898 1898 impunitate
1925 1839 2058 1898 pro-
2099 1884 2110 1892 ,

120 1911 329 1988 posita,
356 1909 605 1967 facturos
632 1907 789 1986 quod
816 1907 1099 1985 expediat,
1122 1907 1468 1967 facinorosos
1495 1927 1558 1966 se
1585 1925 1712 1966 esse
1737 1908 2056 1971 fateantur:

123 2000 171 2058 si
195 2005 429 2077 negent,
457 1998 647 2058 omnia
672 1997 862 2075 turpia
889 2015 994 2076 per
1018 1999 1081 2055 s‘e
1106 1995 1234 2075 ipsa
1273 1996 1546 2077 fugienda
1571 2016 1696 2056 esse
1725 1998 2056 2058 concedant.

125 2090 290 2149 Sed‘
266 2108 394 2169 jam
422 2088 498 2148 ad
524 2077 883 2168 propositum
907 2094 1278 2203 revertamur.

202 2269 277 2327 X.
323 2268 591 2327 Incidunt
634 2266 834 2325 multae
868 2286 1024 2345 saepe
1050 2286 1260 2337 causae,
1289 2286 1422 2345 quae
1462 2268 1804 2327 conturbent
1841 2267 2060 2329 animos

125 2358 387 2417 utilitatis
412 2357 633 2435 specie;
677 2376 812 2425 non,
850 2376 981 2416 cum
1007 2358 1117 2416 hoc
1146 2357 1506 2428 deliberetur,
1533 2358 1968 2437 relinquendane
1989 2359 2062 2418 sit

126 2448 397 2505 honestas
425 2453 659 2525 propter
674 2446 933 2505 utilitatis
958 2440 1411 2525 magnitudinem
1433 2445 1590 2527 (nam
1615 2449 1678 2507 id
1703 2448 1934 2527 quidem
1957 2449 2060 2523 im-

128 2537 376 2614 probum
402 2534 513 2616 est)
544 2535 647 2594 sed
687 2535 846 2604 illud,
878 2537 1129 2613 possitne
1170 2537 1247 2606 id,
1277 2538 1432 2615 quod
1460 2537 1597 2597 utile
1623 2538 1901 2621 videatur,
1943 2538 2063 2598 fieri
2094 2602 2098 2607 ,

127 2646 241 2685 ιιοιι
268 2626 533 2703 turpiter.
615 2627 763 2684 Cum
784 2626 1064 2685 Collatino
1086 2626 1322 2706 collegae
1342 2622 2060 2711 Brutus'imperium-abro-
2089 2634 2126 2687 2

128 2718 329 2794 gabat,
359 2722 585 2793 poterat
610 2715 789 2775 videri
812 2717 1001 2775 facere
1026 2716 1252 2794 injuste.
1333 2717 1546 2775 Fuerat
1573 2718 1722 2787 enim
1745 2718 1804 2775 in
1829 2718 2062 2796 regibus
2107 2736 2125 2747 ·

126 2806 481 2884 expellendis
507 2806 693 2863 socius
719 2806 883 2863 Bruti
909 2806 1266 2865 consiliorum
1286 2813 1346 2865 et
1370 2807 1618 2886 adjutor.
1701 2807 1850 2865 Cum
1868 2813 2062 2865 autem

128 2896 425 2953 consilium
452 2895 563 2953 hoc
590 2894 873 2973 principes
912 2896 1215 2974 cepissent,
1253 2896 1648 2975 cognationem
1677 2895 1924 2971 Super-bi
1960 2914 2060 2953 no-

124 3003 377 3063 menque
408 2984 841 3064 Tarquiniorum
880 2992 941 3043 et
977 2986 1308 3045 memoriam
1348 2984 1512 3063 regni
1550 3002 1676 3042 esse
1713 2983 2058 3051 tollendam:

126 3074 285 3151 quod
325 3081 450 3133 erat
494 3074 651 3142 utile,
682 3074 884 3152 patriae
924 3076 1233 3143 consulere,
1263 3075 1326 3143 id
1363 3081 1489 3133 erat
1526 3073 1606 3131 ita
1645 3074 1965 3142 honestum,
1995 3080 2062 3132 ut

127 3165 301 3223 etiam
324 3164 435 3242 ipsi
465 3164 753 3223 Collatino
793 3164 1018 3242 placere
1058 3165 1313 3225 deberet.
1393 3164 1600 3241 Itaque
1637 3162 1851 3231 utilitas
1886 3163 2063 3232 valuit
2090 3169 2127 3223 8

128 3261 371 3331 propter
406 3255 786 3321 honestatem,
831 3253 951 3312 sine
994 3274 1109 3332 qua
1151 3273 1224 3313 ne
1264 3252 1478 3315 utilitas
1521 3252 1752 3330 quidem
1791 3272 1919 3313 esse
1959 3272 2061 3333 po-

127 3343 349 3402 tuisset.
430 3342 559 3400 At
543 3362 601 3401 m
621 3362 689 3401 eo
716 3361 871 3421 rege,
900 3343 997 3422 qui
1022 3344 1225 3411 urbem
1252 3343 1520 3413 condidit,
1541 3362 1658 3401 non
1681 3343 1834 3403 item.
1917 3343 2061 3422 Spe
2089 3346 2128 3399 4

127 3434 245 3491 cies
270 3432 423 3491 enim
440 3432 701 3491 utilitatis
727 3432 981 3493 animum
996 3434 1217 3512 pepulit
1234 3434 1396 3512 ejus:
1440 3432 1530 3492 cui
1557 3452 1690 3492 cum
1707 3433 1892 3495 visum
1913 3426 2110 3502 esset

124 3523 339 3592 utilitia,
370 3522 576 3591 solum,
606 3540 781 3600 quam
796 3509 955 3583 ‘cum
982 3524 1161 3581 altero
1200 3542 1456 3602 regnare,
1486 3524 1722 3590 fratrem
1760 3522 2062 3587 interemit.

127 3612 339 3671 Omisit
377 3612 471 3671 hic
511 3619 573 3670 et
612 3612 885 3690 pietatem
924 3620 986 3672 et
1024 3613 1450 3681 humanitatem,
1499 3619 1567 3671 ιιι
1607 3612 1686 3681 id,
1728 3611 1884 3689 quod
1923 3610 2064 3671 utile
2092 3618 2132 3672 5

69 3738 71 3747 ·
67 3694 449 3772 'videbatmz
467 3720 655 3780 neque
680 3708 821 3771 erat,
842 3703 1067 3781 assequi
1089 3710 1320 3778 met·
1309 3748 1322 3761 .
1363 3710 1420 3762 et
1443 3710 1633 3768 tamen
1657 3702 1806 3761 muri
1833 3718 2066 3770 causam
2121 3695 2126 3698 ’
