2484 4175
1149 226 1170 264 f
1186 238 1191 244 .

891 343 1064 386 mnu
1087 345 1129 387 1.
1203 343 1347 421 lon.
1376 347 1471 388 xx.
2120 329 2196 394 Μ

163 472 373 534 enada
411 479 474 532 et
509 472 680 532 nimia
721 473 1002 552 cupiditas
1045 420 1394 554 έίὶίξξήῇειὲῐιε
1418 475 1740 536 imaum.
1820 477 1909 537 ut
1946 477 2095 538 enim
2121 478 2157 540 ἰ

163 562 326 641 apud
372 563 678 622 Platonem
719 570 826 632 est,
877 583 1103 623 omnem
1131 583 1366 625 ,morem
1413 566 1971 628 Lacedaemoniorum
2010 569 2091 627 in·

162 655 524 712 flammatum
563 671 688 711 esse
729 653 1040 732 cupiditate
1079 655 1373 715 vincendi:
1416 656 1512 724 sic,
1554 663 1621 715 ut
1658 657 1895 736 quisque
1922 659 2091 718 animi

163 743 554 822 magnitudine
617 744 861 802 maxime
907 744 1148 813 excellit,
1201 744 1285 803 ita
1341 745 1585 804 maxime
1638 747 1763 806 vult
1828 747 2091 826 princeps

163 834 415 892 omnium
457 832 549 890 vel
598 833 788 911 potius
835 833 988 921 sqlus
1000 852 1212 936 4³⁸⁸L5³·'
1280 835 1519 894 Difficile
1562 843 1756 895 autem
1810 843 1915 907 est,
1958 857 2091 898 cum
2116 845 2153 898 8

156 929 444 1023 praestare
485 922 746 982 omnibus
785 895 1154 1002 cssfioffmefisj
1165 911 1419 983 ‘servare
1458 925 1803 1004 aequitatem,
1832 945 1963 1005 quae
2000 935 2090 986 est

16 999 47 1018 ”
61 1000 80 1022 “”
122 1004 398 1089 »ᾖιιειίίιίω
424 1012 669 1070 maxime
697 1011 943 1091 propria.
1023 1012 1112 1070 Ex
1132 1032 1247 1090 quo
1272 1013 1357 1083 fit,
1376 1019 1445 1072 ut
1470 1033 1655 1092 neque
1682 1015 2087 1096 disceptatione
2114 1022 2153 1078 9

160 1100 310 1160 vinci
348 1120 412 1160 se
451 1119 558 1160 nec
595 1101 714 1159 ullo
752 1101 982 1178 publico
1021 1120 1090 1160 ac
1136 1101 1391 1182 legitimo
1424 1102 1555 1182 jure
1593 1105 1914 1182 patiantur:
1972 1107 2087 1166 exi·

157 1197 440 1286 stuntqueL
473 1190 630 1280 inst-e
665 1189 894 1269 publica
933 1191 1271 1270 plerumque
1312 1192 1609 1280 largitores
1642 1200 1707 1276 et
1744 1191 1979 1264 factiosi,
2018 1201 2091 1254 ut
2109 1193 2181 1292 (j,
2197 1212 2222 1233 Α
2327 1263 2349 1289 Ι,
2370 1224 2377 1233 ·

157 1299 304 1359 opes
330 1261 818 1358 qiiffl‘ffiaximas
843 1299 1050 1359 conseq
1106 1354 1108 1356 V
1163 1286 1367 1366 tur-,yet
1402 1271 1811 1360 sint'vi'potius
1836 1285 2087 1363 superio·
2130 1269 2171 1298 ”

155 1381 267 1439 rea,
289 1387 464 1448 quam
484 1369 706 1448 justitia
729 1385 914 1449 pares.
994 1370 1072 1429 Se
1099 1362 1102 1364 ’
1128 1362 1575 1450 ’ῂιιαρἱὶοίἥιη
1602 1373 1713 1432 hoc
1740 1373 2084 1452 praeclarius.
2117 1364 2203 1435 ff
2224 1322 2239 1337 s
2353 1365 2434 1448 ζ’,

157 1459 403 1519 Nullum
423 1459 574 1518 enim
601 1465 690 1518 est
717 1466 962 1538 tempus,
978 1460 1135 1538 quod
1155 1461 1377 1539 justitia
1394 1479 1597 1521 vacare
1616 1462 1843 1523 debeat.
1885 1463 2085 1523 Fortes
2118 1471 2188 1525 11

35 1595 46 1610 ,
155 1550 333 1630 igitur
369 1556 432 1609 et
469 1549 816 1628 magnanimi
853 1556 989 1608 srmt
1029 1549 1297 1620 habendi,
1324 1569 1439 1610 non
1462 1552 1562 1630 qui
1599 1551 1831 1622 faciunt,
1860 1553 1965 1612 sed
1990 1555 2089 1632 qui

157 1639 500 1719 propulsant
517 1639 797 1717 injuriam.
855 1639 1012 1698 Vera
1029 1646 1224 1698 autem
1241 1646 1303 1698 et
1322 1641 1547 1719 sapiens
1566 1642 1735 1700 animi
1752 1643 2089 1721 magnitudo

154 1731 464 1788 honestum
505 1727 665 1796 illud,
693 1727 850 1806 quod
888 1729 1133 1786 maxime
1160 1734 1365 1788 natura
1402 1731 1674 1808 sequitur,
1702 1731 1763 1791 in
1786 1732 1953 1791 factis
1981 1751 2084 1812 po-

157 1819 350 1888 situm,
379 1837 497 1878 non
533 1816 594 1876 in
633 1816 817 1896 gloria
850 1817 1088 1895 judicat,
1117 1818 1543 1897 principemque
1582 1839 1645 1879 se
1684 1839 1810 1878 esse
1848 1823 2085 1891 mavult,

157 1927 334 1987 quam
370 1907 568 1968 videri.
647 1906 874 1965 Etenim
913 1907 1011 1984 qui
1049 1925 1122 1965 ex
1165 1925 1357 1967 errore
1393 1909 1672 1986 imperitae
1712 1911 2087 1970 multitudinis
2116 1917 2189 1970 12

157 1998 397 2076 pendet,
419 1997 514 2056 hic
539 1997 600 2054 in
624 1995 847 2075 magnis
866 1996 1140 2096 ”iili-«¹493
1165 2002 1255 2055 est
1280 1997 1595 2056 habendus.
1680 1998 1967 2057 Facillime
1985 2018 2085 2057 au·
2117 2006 2189 2060 13

16 2140 27 2151 .
94 2135 104 2147 ,
156 2096 280 2155 tem
317 2088 398 2148 ad
432 2106 526 2147 res
558 2087 798 2167 injustas
835 2065 1158 2165 impellitur,
1199 2092 1268 2145 ut
1307 2086 1547 2165 quisque
1588 2086 1861 2173 altissimo
1898 2089 2087 2147 animo

67 2199 78 2210 ‘
105 2186 122 2199 ”
157 2172 267 2249 est,
311 2178 510 2259 gloriae
550 2172 878 2255 cupiditate.
962 2176 1074 2245 Qui
1111 2176 1274 2235 locus
1314 2181 1403 2235 est
1440 2194 1577 2235 sano
1615 2166 1883 2246 lubricuS,
1932 2178 2089 2256 quod

156 2270 256 2329 vix
277 2268 580 2337 invenitur,
603 2267 718 2345 qui,
746 2266 1036 2340 laboribus
1063 2265 1344 2345 susceptis
1370 2264 1745 2345 periculisque
1769 2264 1955 2337 aditis,
1974 2286 2089 2327 non

158 2359 326 2441 quasi
349 2357 672 2429 mercedem
696 2374 887 2417 rerum
913 2362 1206 2435 gestuum
1229 2354 1517 2431 desideret
1541 2356 1795 2436 gloriam.

16 2568 42 2621 „-
74 2601 102 2616 ,.
129 2557 150 2601 .··.
165 2524 370 2619 {LXX
383 2537 654 2621 919nino
671 2535 832 2595 fortis
847 2534 1064 2595 animus
1085 2541 1146 2593 et
1161 2554 1403 2615 magnus
1420 2535 1645 2596 duabus
1662 2536 1831 2596 rebus
1846 2542 2089 2596 maxime

33 2661 40 2675 .
121 2648 146 2657 0
159 2604 448 2689 cernit'ur:
487 2646 732 2705 quarum
757 2644 872 2685 una
897 2625 956 2683 in
979 2642 1172 2685 rerum
1197 2632 1559 2685 externarum
1593 2626 1959 2705 despicientia
1984 2644 2087 2706 po-

160 2720 334 2789 nitur,
377 2736 511 2777 cum
555 2734 889 2795 persuasum
931 2715 1022 2784 sit,
1063 2714 1202 2773 nihil
1239 2715 1543 2784 hominem,
1568 2715 1675 2774 nisi
1716 2716 1873 2793 quod
1912 2717 2089 2775 hone-

161 2817 318 2869 stum
345 2807 728 2883 decorumque
767 2805 858 2875 sit,
886 2812 990 2863 aut
1027 2804 1293 2863 admirari
1329 2812 1433 2864 ant
1469 2812 1669 2884 optare
1694 2811 1796 2863 aut
1822 2811 2089 2883 expetere

163 2904 447 2977 oportere,
475 2894 727 2973 nullique
771 2914 956 2973 neque
993 2894 1209 2954 homini
1246 2913 1431 2973 neque
1474 2894 1883 2973 perturbationi
1920 2891 2091 2951 animi

163 3008 266 3049 nec
293 2989 544 3057 fortunae
569 2984 955 3045 succumbere.
1035 2984 1240 3043 Altera
1268 2991 1357 3044 est
1390 3002 1499 3051 ωε,
1528 2990 1613 3053 ut,
1640 3000 1771 3041 cum
1796 2982 1879 3040 ita
1904 2981 1980 3039 siis
2007 2981 2089 3039 af·
2118 2986 2153 3041 2

165 3079 352 3137 fectus
390 3077 597 3145 anim0,
623 3082 692 3135 ut
717 3092 892 3153 supra
917 3074 1052 3143 dixi,
1079 3092 1174 3133 res
1211 3092 1379 3153 geras
1418 3070 1656 3151 magnas
1694 3071 1823 3129 illas
1860 3070 2091 3149 quidem

167 3174 224 3263 et
247 3166 496 3259 maxime
523 3162 708 3234 utiles,
735 3164 840 3223 sed
863 3170 934 3224 ut
957 3164 1325 3225 vehementer
1348 3161 1559 3221 arduas
1583 3161 1893 3242 plenasque
1912 3161 2089 3221 elabo-

134 3246 302 3315 ’Ἰ-ιιίὶῖ
337 3248 398 3313 et
444 3253 825 3333 periculorum
865 3272 996 3313 cum
1035 3254 1168 3312 vitae
1213 3261 1339 3311 tum
1381 3251 1688 3311 multarum
1727 3270 1933 3321 rerum,
1962 3270 2093 3330 quae

171 3345 240 3403 ad
265 3345 448 3405 vitam
474 3344 774 3423 pertinent.
857 3344 1080 3401 Harum
1112 3360 1303 3401 rerum
1328 3342 1573 3401 duarum
1598 3340 1870 3421 splendor
1894 3342 2090 3409 omnis,
2120 3347 2157 3399 3
2227 3318 2237 3328 ⁸

171 3434 508 3513 amplitude,
537 3432 692 3492 addo
729 3433 903 3493 etiam
941 3433 1264 3501 utilitatem,
1308 3432 1367 3492 in
1408 3434 1719 3513 posteriore
1756 3440 1881 3491 est:
1922 3449 2095 3489 causa

171 3532 366 3583 autem
392 3530 454 3583 et
479 3524 628 3583 ratio
647 3524 892 3583 efficiens
916 3524 1160 3601 magnos
1175 3521 1327 3581 viros
1344 3530 1435 3581 est
1458 3523 1517 3582 in
1544 3524 1746 3602 priore.
1827 3522 1899 3579 In
1916 3538 1987 3577 eo
2006 3524 2099 3576 est

171 3614 320 3673 enim
357 3614 522 3685 illud,
549 3612 708 3694 quod
745 3612 1090 3673 excellentes
1126 3612 1345 3672 animos
1372 3619 1433 3672 et
1456 3614 1711 3672 humana
1736 3616 2097 3670 contemnen-

177 3710 263 3763 tes
283 3702 439 3765 facit.
