2484 4175
254 332 331 388 04
1083 344 1159 385 nr.
1201 342 1462 386 omens

292 484 329 537 5
357 474 547 535 Malus
573 475 723 535 enim
751 480 842 533 851
866 492 899 533 8
968 479 1059 566 tos
1086 473 1471 546 diutia-nitatis
1493 479 1700 541 metus,
1730 480 2036 577 contraque
2061 473 2304 533 benivo—

290 572 326 625 6
354 566 526 625 lentia
550 564 732 623 fidelis
758 565 851 624 vel
968 548 1439 643 perpetuitatem.
1521 552 1652 623 Sed
1658 518 1780 633 {ss
1779 564 1878 642 qui
1903 564 1958 622 vi
1977 582 2301 655 oppressos

354 655 593 735 imperio
634 662 916 723 coercent,
946 655 1019 713 sit
1044 674 1181 713 sane
1223 654 1548 714 adhibenda
1591 654 1827 722 saevitia,
1857 661 1924 713 ut
1925 629 2138 716 lieris·
2122 674 2181 711 18
2207 654 2300 712 fa-

291 746 325 805 '7
354 747 557 815 mulos,
588 746 637 804 si
664 745 829 803 aliter
862 746 1040 804 teneri
1078 764 1193 804 non
1232 752 1490 824 possunt.
1573 744 1684 814 Qui
1710 763 1846 803 vcro
1871 744 1929 803 in
1955 746 2131 803 libera
2157 743 2300 802 civi-

352 842 475 894 tate
502 836 585 894 ita
612 854 673 894 se
700 836 1005 905 instruunt,
1034 842 1103 895 111
1126 842 1474 904 metuantur,
1503 835 1592 894 his
1617 834 1756 893 nihil
1795 840 1988 913 potest
2025 854 2149 893 8558
2193 836 2296 893 de-

290 932 326 984 8
354 926 614 985 mentius.
698 926 968 997 Quamvis
996 926 1145 984 enim
1170 926 1285 984 sint
1310 926 1586 984 demersae
1611 926 1771 1004 leges
1797 925 2036 1005 alicujus
2064 926 2293 1003 opibus,

352 1016 611 1094 quamvis
654 1016 945 1075 timefacta
986 1016 1237 1085 libertas,
1267 1022 1573 1095 emergunt
1597 1022 1790 1074 tamen
1817 1016 1946 1075 haec
1987 1016 2295 1093 aliquando

288 1111 325 1163 9
354 1113 457 1164 aut
477 1106 703 1185 judiciis
730 1107 933 1176 tacitis,
956 1114 1059 1166 aut
1078 1106 1314 1167 occultis
1334 1106 1408 1165 (18
1428 1107 1642 1165 1188818
1663 1105 1962 1187 suffrag-iia.
2021 1106 2293 1165 Acriores

356 1202 553 1257 autem
602 1216 825 1257 morsus
880 1204 1014 1257 sunt
1064 1198 1399 1257 intermissae
1453 1196 1744 1265 libertatis,
1799 1215 1972 1276 quam
2035 1202 2291 1254 retentae.

254 1290 327 1345 10
355 1286 525 1356 Quod
550 1287 727 1367 igitur
767 1288 1039 1347 latissime
1077 1294 1256 1367 patet,
1283 1306 1470 1365 neque
1495 1288 1572 1346 ad
1597 1286 2044 1346 incolumitatem
2083 1285 2291 1356 5811118,

352 1376 455 1434 sed
493 1377 665 1435 etiam
708 1377 783 1435 ad
823 1397 963 1457 opes
1004 1384 1065 1437 et
1102 1378 1418 1457 potentiam
1444 1376 1599 1436 valet
1637 1377 1961 1456 plurimum,
1989 1376 2049 1434 id
2076 1374 2294 1453 ample-

344 1472 593 1547 81818111,
620 1473 689 1525 ut
713 1475 903 1526 metus
930 1467 1095 1537 absit,
1124 1468 1332 1526 caritas
1357 1467 1701 1527 retineatur:
1743 1467 1824 1525 ita
1848 1464 2127 1535 facillime,
2158 1486 2292 1545 quae

154 1546 163 1563 “
315 1575 325 1589 ·
344 1552 626 1624 ‘volemum
656 1562 717 1614 et
742 1557 975 1635 privatis
1003 1555 1060 1613 in
1085 1558 1277 1625 rebuS‚
1307 1565 1366 1616 81
1392 1557 1451 1615 18
1487 1576 1552 1617 18
1595 1558 1824 1637 publica
1867 1572 2292 1635 consequemur.

254 1645 321 1704 11
351 1643 594 1713 Etenim,
639 1645 736 1723 qui
778 1664 841 1703 58
884 1647 1063 1705 metui
1098 1647 1308 1716 volent,
1352 1667 1387 1705 a
1429 1648 1634 1727 quibus
1677 1654 2018 1715 metuantur,
2061 1646 2298 1705 eosdem

254 1738 323 1793 12
352 1735 655 1793 metuanti
698 1735 742 1793 si
780 1754 1011 1795 8888558
1054 1743 1158 1796 851.
1238 1738 1398 1808 Quid
1424 1738 1574 1796 88118
1599 1756 1914 1805 8885881115,
1945 1736 2299 1840 superiorem

350 1823 511 1881 illum
538 1755 892 1904 Ditiffysnim,
922 1846 1036 1905 (1118
1074 1827 1331 1887 81881818
1357 1828 1572 1887 11188115
1611 1828 1746 1907 angi
1772 1828 2019 1896 solitum,
2047 1826 2148 1905 qui
2173 1826 2297 1885 cul-

265 1974 273 1979 ,
356 1924 476 1975 1185
501 1923 763 1975 18818885
789 1908 1089 2019 tonsorios,
1106 1938 1137 1976 8
1212 1918 1326 1976 (188
1445 1919 1658 1978 arbone
1684 1919 1791 1977 sibi
1811 1918 2090 1977 adurebat
2117 1917 2298 1995 capil-

252 2014 323 2069 13
352 2008 512 2067 lum.
490 2008 519 2049 9
562 2007 761 2078 Quid?
802 1938 1197 2083 Alexandrum
1269 1938 1544 2078 88130818,
1565 2027 1681 2087 (188
1707 2008 1897 2067 881188
1916 2007 2118 2066 vixisse
2145 2006 2298 2066 arbi·

240 2139 245 2144 ·
350 2105 609 2158 tramur.
586 2099 615 2142 9
656 2099 772 2176 qui,
800 2105 867 2156 ut
893 2099 1170 2177 scriptum
1205 2099 1468 2178 legimus,
1497 2119 1631 2158 cum
1669 2119 1906 2158 uxorem
1932 2099 2166 2158 Theben
2191 2097 2298 2156 ad-

348 2190 588 2249 modum
630 2189 908 2270 diligeret,
936 2196 1129 2248 tamen
1168 2186 1243 2248 ad
1286 2209 1412 2248 eam
1449 2209 1521 2249 cx
1548 2189 1774 2268 epulis‘
1759 2209 1817 2248 18
1844 2189 2170 2249 cubiculum
2196 2207 2297 2247 ve-

350 2280 527 2348 niens,
556 2279 880 2347 barbarum,
910 2285 971 2336 81
996 2297 1128 2337 eum
1166 2280 1414 2358 quidem,
1453 2286 1523 2339 ut
1564 2269 1842 2358 scriptum
1881 2286 1988 2349 851,
2019 2299 2298 2358 compun-

352 2375 510 2428 ctum
550 2367 699 2425 notis
742 2367 1011 2438 Τ11188115,
1040 2369 1314 2429 (185111818
1352 2369 1546 2474 gladio
1584 2371 1828 2449 jubebat
1853 2370 2102 2428 8818118·
2147 2387 2297 2447 proe-

350 2457 726 2534 mittebatque
742 2456 815 2514 de
832 2457 1197 2536 stipatoribus
1226 2461 1361 2530 51115,
1381 2460 1480 2539 (181
1505 2467 1892 2520 scrutarentur
1917 2460 2139 2519 arculas
2166 2479 2298 2518 mu·

349 2546 569 2614 11811185,
604 2552 679 2614 81,
708 2564 782 2604 88
811 2547 966 2624 quod
992 2549 1051 2606 in
1076 2550 1426 2624 vestimentis
1465 2550 1644 2609 telum
1673 2551 2069 2619 occultaretur,
2097 2550 2298 2628 exqui-

250 2641 324 2698 14
350 2642 557 2695 181881.
619 2635 670 2693 Ο
692 2635 979 2706 miserum,
999 2639 1097 2716 qui
1122 2639 1434 2700 fideliorem
1455 2647 1514 2700 et
1533 2641 1839 2700 barbarum
1862 2647 1922 2699 et
1947 2640 2300 2720 stigmatiam

351 2731 596 2805 putaret,
618 2744 793 2804 quam
821 2726 1161 2806 conjugem!
1218 2729 1346 2790 Nec
1375 2749 1508 2789 eum
1535 2730 1750 2790 fefellit.
1818 2731 1920 2791 Ab
1940 2749 2009 2789 ea
2027 2735 2117 2788 851
2143 2731 2298 2789 88118

250 2822 323 2878 15
350 2817 477 2895 ipsa
494 2823 731 2895 propter
750 2815 1047 2894 pellicatus
1067 2819 1444 2896 suspicionem
1470 2820 1818 2880 interfectus.
1882 2821 2008 2879 Nec
2023 2838 2160 2878 vero
2176 2819 2300 2880 ulla
2330 2877 2337 2887 ,

350 2907 434 2966 vis
460 2906 679 2986 imperii
718 2913 883 2965 tanta
924 2914 1013 2966 851
1109 2927 1217 2978 11,18
1248 2917 1542 3014 premente
1579 2918 1756 2980 metu,
1787 2910 1970 2989 possit
2008 2929 2132 2968 esse
2167 2909 2296 2970 diu-

251 3003 323 3057 16
352 3005 535 3056 turna.
618 2998 800 3057 Testis
840 3006 929 3057 est
966 2927 1245 3069 figaris,
1278 3001 1444 3079 cujus
1472 3009 1561 3060 est
1587 3007 1801 3081 111-88181
1837 3007 2055 3060 8818185
2093 2994 2296 3060 nobili-

351 3094 473 3145 tata
500 3087 832 3148 crudelitas:
874 3088 973 3168 qui
998 3107 1112 3148 non
1138 3109 1211 3148 ex
1236 3090 1447 3150 insidiis
1474 3091 1703 3160 interiit,
1729 3090 1840 3149 ut
1823 3111 1890 3160 15,
1919 3109 2092 3170 (18818
2117 3089 2298 3150 188(18

352 3175 483 3244 dixi,
511 3176 858 3247 Alexander,
886 3197 1001 3236 non
1026 3198 1064 3238 a
1088 3179 1306 3258 paucis,
1323 3187 1392 3238 ut
1410 3181 1503 3241 1118
1523 3188 1734 3250 885181,
1753 3179 1943 3239 sedin
1969 3199 2142 3258 quem
2169 3180 2297 3239 uni-

252 3263 323 3325 17
352 3282 519 3323 versa
543 3264 1053 3343 Agrigentinorum
1080 3269 1390 3330 multitudo
1415 3271 1697 3350 impetum
1715 3271 1868 3330 fecit.
1931 3269 2126 3342 Quid?
2167 3270 2295 3328 Ma-

283 3359 295 3366 ’
353 3353 594 3412 cedones
614 3373 798 3414 nonne
818 3353 1175 3419 Demetrium
1202 3361 1570 3439 reliquerunt,
1586 3361 1944 3440 universique
1965 3379 2028 3420 58
2049 3360 2125 3419 ad
2144 3361 2295 3440 Pyr-

312 3445 520 3502 rhum
540 3443 941 3504 contulerunt?
986 3447 1183 3517 Quid?
1226 3451 1692 3511 Lacedaemonios
1713 3452 1924 3530 injuste
1944 3451 2294 3529 imperantes

351 3551 535 3592 88888
577 3541 811 3611 repente
852 3554 1049 3596 omnes
1081 3539 1209 3617 ‘fere
1236 3541 1373 3600 socii
1399 3541 1789 3608 deseruerunt,
1821 3547 2296 3620 spectatoresque

352 3641 415 3681 se
432 3623 644 3682 otiosos
663 3625 1035 3701 praebuerunt
1054 3605 1369 3688 Leuctricae
1390 3631 1770 3691 calamitatis?
1838 3631 2012 3690 VIII.
2041 3631 2298 3690 Externa

287 3717 325 3770 2
350 3711 654 3772 libentius·
638 3731 697 3771 18
721 3712 823 3773 1811
846 3733 927 3784 18,
952 3735 1127 3794 quam
1152 3717 1483 3789 domestica,
1509 3721 1796 3780 recordor.
1857 3721 2294 3793 Verumtamen,
