2484 4175
1100 68 1208 119 *uu

1254 172 1273 192 ι
1331 156 1362 183 G

1413 228 1422 236 .
1449 210 1513 256 ³4„
1591 256 1598 259 -
1704 198 1769 241 μ’

285 276 363 332 68
1114 284 1193 326 mr
1234 283 1492 325 orrrcns
1575 270 1585 275 ”

389 418 639 485 tertium,
658 423 727 477 ut
748 434 881 476 cum
906 414 1388 475 admiratione
1413 412 1709 473 hominum
1735 411 1950 471 honore
1977 410 2105 469 ab
2071 430 2137 469 us
2163 410 2356 490 digni

326 516 361 569 6
385 509 786 589 judicaremur.
868 506 1245 601 Admirantur
1305 506 1479 584 igitur
1531 498 1905 594 communiter
1953 502 2035 561 illi
2089 502 2358 579 quidem
2446 550 2447 553 ,

391 600 593 667 omnia,
623 616 753 676 quae
778 616 1003 676 magna,
1032 602 1092 655 et
1117 593 1327 674 praeter
1353 594 1670 699 opinionem
1711 582 1873 652 suam
1911 592 2328 651 animadverte

384 697 555 748 runt:
597 688 900 765 separatim
928 694 1123 745 autem
1148 688 1207 744 in
1234 686 1485 765 singulis,
1517 686 1564 743 si
1591 684 1941 763 perspiciunt
1983 683 2356 787 necopinata
2446 690 2447 693 ’

328 780 362 839 ’1
391 779 667 873 quaedam
682 779 847 837 bona.
910 778 1117 855 Itaque
1143 795 1241 835 eos
1269 776 1419 835 viros
1445 774 1775 853 suspiciunt,
1793 774 2164 851 maximisque
2187 774 2351 831 effe-

391 877 527 927 runt
551 853 835 937 laudibuS,
864 867 923 925 in
948 868 1155 945 quibus
1198 866 1522 925 existimant
1561 884 1624 923 se
1663 863 2002 923 excellentes
2042 864 2353 942 quasdam

330 966 365 1021 8
392 967 455 1018 et
474 958 787 1037 singulares
809 958 1128 1036 perspicere
1144 956 1413 1015 virtutes.
1444 955 1764 1033 despiciunt
1778 962 1971 1012 autem
1991 973 2090 1013 eos
2110 962 2172 1013 et
2193 974 2349 1013 con-

391 1055 670 1118 temnunt,
698 1048 757 1106 in
783 1048 988 1151 quibus
1026 1046 1166 1105 nihil
1190 1046 1435 1116 virtutiS,
1463 1046 1601 1105 nihil
1639 1045 1828 1114 animi,
1855 1044 1993 1103 nihil
2019 1064 2352 1104 nervorum

393 1146 617 1219 putant.
697 1139 833 1198 Non
874 1138 1023 1197 enim
1066 1156 1262 1196 omnes
1305 1156 1402 1196 eos
1429 1158 1459 1195 o
1497 1136 1812 1231 ntemnunt,
1841 1135 1914 1193 de
1941 1135 2148 1213 quibus
2175 1135 2349 1194 male

328 1238 365 1291 9
394 1231 730 1290 existimant.
786 1228 938 1287 Nam
959 1248 1102 1307 quos
1128 1227 1436 1332 improbos,
1455 1202 1778 1296 maledicos„
1799 1226 2192 1285 fraudulentos
2222 1246 2348 1305 pu-

393 1329 535 1391 tant,
578 1326 638 1379 et
676 1319 752 1378 ad
791 1319 1110 1378 faciendam
1150 1318 1413 1397 injuriam
1450 1318 1770 1386 instructos,
1813 1336 1909 1375 eos
1957 1323 2352 1375 contemnunt

291 1418 366 1471 10
394 1412 624 1490 quidem
650 1410 995 1487 neutiquam,
1013 1409 1117 1468 sed
1144 1409 1217 1467 de
1242 1409 1331 1467 his
1358 1407 1504 1467 male
1531 1408 1892 1511 existimant.
1925 1408 2347 1478 Quamobrem,

394 1508 461 1559 ut
502 1508 636 1559 ante
676 1499 808 1567 dixi,
838 1506 1277 1557 contemnuntur
1301 1500 1357 1567 ii,
1387 1498 1486 1577 qui
1511 1518 1615 1557 nee
1643 1486 1784 1567 sibi,
1796 1518 1900 1557 neo
1941 1497 2121 1569 alteri,
2149 1505 2222 1557 ut
2250 1498 2348 1557 di-

393 1591 575 1658 citur3
616 1589 675 1647 in
700 1590 905 1667 quibus
930 1590 1121 1647 nullus
1148 1590 1329 1657 labor,
1357 1590 1516 1647 nulla
1553 1567 1843 1659 industria,
1873 1590 2028 1648 nulla
2055 1608 2196 1647 cura
2224 1594 2348 1647 est.

393 1679 789 1738 Admiratione
834 1686 1028 1737 autem
1072 1679 1395 1739 afficiuntur
1433 1680 1488 1749 ii,
1517 1680 1616 1758 qui
1655 1680 1864 1746 anteire
1893 1679 2092 1739 ceteris
2119 1679 2350 1738 virtute

394 1776 685 1849 putantur,
716 1775 775 1827 et
814 1789 947 1827 eum
988 1770 1142 1829 omni
1184 1789 1376 1829 carere
1419 1770 1715 1840 dedecore,
1744 1776 1870 1828 tum
1896 1790 2030 1829 vero
2069 1770 2134 1829 iis
2162 1770 2346 1839 vitiis,

292 1868 363 1921 11
396 1862 601 1939 quibus
628 1860 721 1919 alii
746 1879 859 1919 non
884 1860 1049 1919 facile
1076 1867 1318 1939 possunt
1346 1862 1635 1920 obsistere.
1718 1861 1872 1919 Nam
1899 1868 1958 1919 et
1984 1861 2345 1939 voluptateS,

395 1951 778 2012 blandissimae
821 1951 1083 2020 dominae,
1110 1951 1340 2029 majoris
1381 1951 1560 2029 partis
1601 1950 1816 2009 animos
1843 1971 1880 2008 a
1905 1950 2113 2009 virtute
2141 1951 2346 2009 detor-

396 2049 609 2122 quent3
653 2049 713 2102 et
755 2042 1015 2102 dolorum
1060 2060 1191 2101 oum
1230 2040 1606 2101 admoventur
1643 2041 1815 2112 faoeS,
1846 2047 2059 2121 praeter
2093 2041 2349 2101 modum

296 2140 366 2195 12
397 2135 651 2213 plerique
678 2141 1047 2194 exterrentur.
1129 2133 1283 2202 Vita,
1317 2151 1488 2201 more,
1519 2133 1748 2201 divitiae,
1779 2139 2105 2211 paupertaS,
2136 2152 2346 2191 omnes

296 2230 367 2285 13
395 2225 649 2284 homines
675 2223 1163 2282 vehementissime
1204 2230 1556 2302 permovent.
1640 2223 1786 2293 Quae
1825 2223 1924 2301 qui
1948 2223 2006 2280 in
2032 2229 2344 2300 utramque

396 2321 620 2394 partem
662 2311 887 2370 excelso
930 2313 1117 2370 animo
1152 2331 1478 2392 magnoque
1505 2312 1840 2391 despiciunt,
1870 2332 2003 2371 oum
2029 2312 2218 2394 aliqua
2247 2313 2344 2371 his

396 2402 588 2481 ampla
614 2407 673 2460 et
698 2403 939 2460 honesta
964 2421 1057 2460 res
1084 2402 1314 2481 objecta
1339 2408 1444 2471 est,
1474 2409 1628 2461 totos
1655 2403 1729 2461 ad
1767 2423 1828 2461 se
1857 2403 2130 2462 convertit
2157 2409 2217 2461 et
2243 2423 2344 2460 ra-

396 2491 499 2570 pit.
571 2491 718 2548 Tum
739 2491 863 2568 quis
882 2509 997 2549 non
1015 2492 1325 2551 admiretur
1353 2493 1715 2570 splendorem
1741 2493 2345 2570 pulchritudinemque

397 2581 619 2641 virtutis
636 2581 664 2638 ‘2
732 2581 833 2640 XI.
854 2581 1011 2660 Ergo
1034 2588 1093 2639 et
1116 2583 1241 2640 haeo
1261 2581 1434 2641 animi
1452 2583 1818 2662 despicientia
1837 2583 2342 2642 admirabilitatem

396 2690 669 2750 magnam
713 2671 884 2730 facit:
928 2678 986 2730 et
1029 2672 1272 2730 maxime
1310 2672 1547 2751 justitia,
1593 2693 1664 2732 ex
1703 2663 1816 2752 qua
1854 2693 1968 2731 una
1991 2673 2204 2742 ,virtute
2234 2674 2344 2732 viri

398 2762 531 2822 boni
557 2761 937 2842 appellantur,
964 2761 1199 2822 mirifica
1239 2764 1512 2840 quaedam
1551 2763 1900 2822 multitudini
1925 2763 2185 2822 videtur:
2227 2762 2360 2822 nee'

335 2859 369 2912 2
397 2853 617 2933 injuria.
699 2853 891 2912 Nemo
937 2852 1085 2912 enim
1131 2853 1324 2932 justus
1373 2873 1498 2912 esse
1539 2860 1750 2932 potest,
1790 2853 1890 2932 qui
1934 2860 2194 2922 mortem,
2237 2855 2340 2932 qui

400 2945 671 3013 dolorem,
701 2944 799 3022 qui
838 2943 1085 3013 exilium,
1113 2944 1211 3022 qui
1252 2950 1568 3023 egestatem
1607 2944 1787 3013 timet,
1821 2951 1924 3003 aut
1961 2945 2059 3022 qui
2085 2963 2170 3012 ea,
2199 2964 2340 3021 quae

335 3042 369 3093 3
400 3041 533 3094 sunt
578 3034 669 3092 his
717 3034 1014 3102 contraria,
1060 3034 1316 3112 aequitati
1357 3033 1668 3112 anteponit.
1751 3033 2111 3113 Maximeque
2155 3033 2338 3092 admi-

398 3131 598 3182 rantur
645 3144 796 3193 eum,
846 3125 944 3203 qui
990 3124 1231 3202 pecunia
1277 3144 1393 3182 non
1431 3131 1726 3192 movetur;
1768 3123 1924 3202 quod
1963 3125 2021 3184 in
2061 3144 2176 3203 quo
2215 3125 2340 3182 viro

401 3220 767 3291 perspectum
796 3214 885 3282 sit,
914 3215 1109 3274 huno
1094 3215 1214 3293 lgni
1242 3221 1568 3292 spectatum
1595 3215 1954 3276 arbitrantur.

335 3307 374 3359 4
473 3303 680 3379 Itaque
708 3303 803 3360 illa
820 3304 946 3372 tria,
965 3324 1097 3382 quae
1125 3305 1420 3382 proposita
1447 3312 1580 3363 sunt
1601 3303 1677 3365 ad
1703 3301 1958 3387 gloriam,
1979 3304 2168 3364 omnia
2190 3305 2336 3384 jus-

402 3391 593 3450 titia
632 3393 893 3450 conficit:
938 3400 999 3451 et
1041 3395 1495 3464 benivolentiam,
1537 3395 1692 3474 quod
1733 3395 2006 3474 prodesse
2045 3395 2170 3454 vult
2211 3394 2336 3474 plu-

400 3480 555 3540 rimis
577 3501 593 3550 ;
634 3488 695 3539 et
722 3482 797 3541 ob
825 3483 1066 3542 eandem
1094 3503 1325 3542 causam
1351 3485 1562 3554 fidem;
1604 3491 1668 3544 et
1705 3481 2153 3558 admirationem,
2183 3483 2338 3563 quod

403 3589 501 3630 eas
526 3589 619 3630 res
646 3572 863 3651 spernit
888 3579 951 3632 et
974 3573 1229 3653 negligit,
1249 3574 1326 3632 ad
1351 3593 1494 3652 quas
1522 3571 1778 3654 plerique
1804 3575 2140 3634 inflammati
2165 3575 2335 3634 avidi-

337 3665 379 3721 δ
403 3666 525 3722 tate
550 3662 863 3746 rapiuntur.
943 3661 1037 3722 Ao
1064 3681 1195 3722 mea
1220 3663 1452 3742 quidem
1475 3665 1758 3724 sententia
1783 3666 1966 3725 omnis
1992 3665 2139 3725 ratio
2166 3671 2336 3746 atque
