2484 4175
266 292 344 355 'u
1094 313 1171 352 nn
1200 312 1456 353 ormons

368 442 649 502 sordidius
674 443 798 521 regi
814 443 845 501 ‘t
882 443 1085 501 melius
1112 442 1301 511 etiam,
1329 442 1488 520 quod
1526 442 1880 521 largitionem
1909 462 2108 521 cortu}
2125 441 2314 502 telam

370 552 495 592 esse
514 532 670 591 dixit.
727 534 820 591 Fit
839 534 986 591 enim
1008 532 1271 600 deterior,
1293 532 1391 610 qui
1415 533 1637 609 accipit,
1667 540 1838 610 atque
1865 533 1939 590 ad
1967 532 2123 591 idem
2152 552 2316 593 sem-

306 629 343 683 8
372 641 476 701 per
516 622 934 700 expectandum
979 622 1245 701 paratior.
1329 622 1456 682 Hoc
1500 623 1594 681 ille
1631 624 1764 691 filio,
1793 623 1897 681 sed
1942 630 2316 701 praeceptum

369 719 639 792 putemus
666 712 943 771 omnibus.
1026 712 1411 782 Quamobrem
1437 712 1498 771 id
1525 713 1756 791 quidem
1783 732 1896 771 non
1923 712 2165 772 dubium
2193 720 2314 781 est,

368 794 506 881 quin
548 800 643 861 illa
686 802 1022 881 benignitas,
1057 820 1189 880 quae
1228 808 1452 860 constet
1489 821 1563 859 ex
1603 821 1777 881 opera
1817 810 1876 861 et
1915 802 2217 871 industria,
2249 812 2316 863 et

368 892 657 951 honestior
696 892 785 960 sit,
816 899 876 951 et
917 891 1089 950 latius
1130 898 1344 969 pateat,
1373 898 1434 950 et
1477 892 1660 971 possit
1701 892 1974 969 prodesse
2017 893 2314 971 pluribus.

305 986 341 1041 9
371 981 794 1060 Nonnunquam
819 988 1013 1041 tamen
1032 988 1123 1041 est
1146 980 1521 1060 largiendum,
1543 985 1648 1039 nec
1672 980 1784 1040 hoc
1811 981 2172 1061 benignitatis
2201 1002 2314 1063 gc·

367 1091 477 1129 nus
524 1072 751 1131 omnino
796 1072 1214 1149 repudiandum
1257 1076 1363 1139 est,
1405 1079 1466 1130 et
1511 1089 1668 1149 saepe
1715 1070 1930 1130 idoneis
1975 1072 2314 1133 hominibus

368 1160 755 1241 indigentibus
783 1160 857 1220 de
883 1180 947 1220 re
972 1160 1230 1221 familiari
1259 1160 1730 1239 impertiendum:
1759 1161 1864 1219 sed
1884 1161 2187 1239 diligenter
2217 1171 2314 1222 at·

267 1256 341 1310 10
369 1270 481 1331 que
507 1253 818 1313 moderate.
900 1251 1068 1311 Multi
1094 1251 1241 1311 enim
1276 1250 1611 1330 patrimonia
1637 1250 1958 1310 effuderunt
1982 1252 2315 1311 inconsulte

368 1342 683 1421 largiendo.
752 1328 905 1412 Quid
933 1348 1127 1399 autem
1152 1347 1243 1399 est
1268 1341 1516 1409 stultius,
1545 1359 1736 1419 quam,
1764 1340 1922 1419 quod
1946 1341 2190 1401 libenter
2219 1344 2314 1400 fa-

130 1472 139 1484 ,
266 1436 337 1491 11
370 1432 502 1499 cias,
533 1450 746 1499 curare,
776 1438 843 1489 ut
880 1430 941 1489 id
978 1430 1190 1490 diutius
1226 1431 1415 1489 facere
1445 1450 1558 1489 non
1594 1431 1778 1509 possis
1793 1431 1822 1489 ἱ)
1900 1430 2101 1508 Atque
2125 1432 2314 1491 etiam

368 1528 681 1598 sequuntur
708 1520 1064 1599 largitionem
1092 1520 1322 1597 rapinae.
1405 1521 1557 1578 Cum
1592 1520 1740 1579 enim
1767 1519 1956 1579 dando
1981 1538 2150 1599 egere
2179 1541 2312 1581 coe-

266 1616 338 1669 12
368 1616 591 1688 perunt,
618 1602 810 1668 alienis
838 1609 999 1667 bonis
1024 1627 1227 1667 manus
1253 1610 1456 1667 afferre
1483 1617 1780 1689 coguntur.
1851 1611 1961 1679 Ita,
1983 1630 2118 1669 cum
2139 1611 2310 1671 beni-

365 1698 625 1759 volentiae
670 1698 1070 1777 comparandas
1124 1717 1298 1757 causa
1341 1699 1578 1760 benefici
1617 1719 1744 1759 esse
1776 1700 1970 1769 velint,
1996 1719 2111 1759 non
2137 1706 2312 1760 tanta

370 1789 562 1847 studia
608 1794 988 1866 assequuntur
1038 1806 1254 1858 eorum,
1304 1790 1510 1867 quibus
1556 1789 1856 1858 dederunt,
1904 1797 2119 1869 quanta
2141 1832 2144 1841 -
2163 1791 2312 1850 odia

264 1885 338 1939 13
368 1898 581 1948 eorum,
610 1878 817 1957 quibus
857 1879 1209 1938 ademerunt.
1293 1880 1678 1949 Quamobrem
1715 1899 1840 1939 nec·
1857 1880 1938 1938 ita
1977 1880 2310 1941 claudenda

365 1988 457 2029 res
498 1976 589 2029 est
626 1969 931 2038 familiaris,
959 1976 1027 2028 ut
1060 1987 1189 2028 eam
1226 1970 1548 2049 benignitas
1575 1969 1794 2048 aperire
1820 1989 1935 2029 non
1962 1970 2160 2048 possit,
2191 1990 2308 2031 nee

363 2059 445 2121 ita
470 2060 791 2131 reseranda,
819 2066 887 2120 ut
928 2067 1125 2140 pateat
1167 2060 1462 2120 omnibus:
1505 2060 1712 2121 modus
1750 2060 2106 2130 adhibeatur,
2134 2061 2308 2141 isque

264 2154 338 2210 14
364 2151 644 2211 referatur
660 2151 737 2210 ad
763 2149 1081 2212 facultates.
1138 2150 1385 2210 Omnino
1402 2151 1722 2211 meminisse
1742 2151 2016 2212 debemus
2036 2152 2114 2219 id,
2137 2154 2306 2230 quod

364 2259 401 2299 a
438 2241 645 2300 nostris
684 2241 1003 2300 hominibus
1038 2240 1352 2319 saepissim0
1387 2249 1746 2320 usurpatum,
1770 2243 1893 2321 jam
1927 2243 1985 2302 in
2011 2244 2304 2320 proverbii

264 2335 337 2390 15
366 2328 831 2389 consuetudinem
846 2330 1017 2398 venit,
1036 2330 1391 2410 largitionem
1408 2330 1651 2389 fundum
1667 2351 1782 2390 non
1796 2332 2024 2391 habere.
2065 2332 2302 2393 Etenim

363 2419 491 2496 quis
517 2412 941 2496 potest'modus
967 2437 1110 2490 esse,
1132 2439 1266 2479 cum
1293 2426 1353 2480 et
1377 2419 1530 2480 idem
1550 2421 1648 2500 qui
1673 2429 2034 2492 consuerunt,
2055 2429 2116 2483 et
2141 2421 2302 2484 idem

362 2506 505 2568 illud
530 2507 623 2566 alii
648 2507 971 2568 desiderent
986 2509 1016 2568 ‘2

440 2687 603 2748 XVI.
647 2687 889 2748 Omnino
926 2689 1041 2748 duo
1081 2697 1217 2749 sunt
1258 2709 1472 2770 genera
1507 2692 1816 2771 largorum,
1843 2711 2087 2770 quorum
2129 2677 2295 2754 alteri

298 2783 335 2838 2
361 2777 607 2858 prodigi,
624 2778 785 2838 alteri
800 2779 1077 2840 liberales,
1133 2779 1384 2861 Prodigi,
1403 2781 1502 2860 qui
1517 2782 1716 2861 epulis,
1735 2788 1796 2840 et
1810 2782 2292 2853 viscerationibus,

362 2874 423 2928 et
441 2869 824 2949 gladiatorum
840 2870 1186 2939 muneribus,
1209 2870 1478 2930 ludorum
1492 2871 1968 2950 venationumque
1985 2881 2289 2951 apparatu,

362 2959 632 3038 pecunias
660 2959 1017 3038 profundunt
1042 2959 1100 3020 in
1126 2979 1225 3019 eas
1252 2951 1362 3029 ree,
1391 2979 1634 3038 quarum
1659 2962 1996 3020 memoriam
2021 2967 2125 3020 aut
2161 2963 2288 3023 bre-

296 3055 331 3108 3
360 3068 491 3108 vem
517 3055 621 3109 aut
645 3050 862 3108 nullam
888 3050 1113 3110 omnino
1142 3050 1256 3108 sint
1281 3048 1545 3111 relicturi.
1627 3050 1917 3110 Liberales
1943 3058 2160 3120 autem,
2191 3053 2288 3130 qui

358 3139 475 3196 suis
501 3139 869 3199 facultatibus
898 3148 1001 3199 aut
1028 3147 1229 3219 captos
1264 3159 1301 3197 a
1339 3139 1704 3218 praedonibus
1739 3141 2026 3200 redimunt
2079 3149 2184 3201 aut
2209 3162 2290 3201 ωε
2358 3173 2429 3234 4„

358 3226 605 3286 alienum
652 3228 1010 3308 suscipiimt‘
1020 3230 1349 3299 amicorum,
1390 3236 1494 3288 aut
1537 3230 1596 3289 in
1635 3230 1880 3290 filiarum
1917 3231 2136 3290 colloca
2181 3251 2290 3292 one
2399 3225 2428 3235 ⁹

358 3314 649 3393 adjuvant,
679 3323 781 3375 aut
818 3319 1171 3396 opitulantur
1206 3320 1268 3378 in
1309 3338 1372 3377 re
1404 3319 1496 3378 vel
1524 3339 1716 3398 quaere
1757 3320 1850 3394 da,
1877 3319 1970 3379 vel
2005 3321 2286 3400 augenda.

295 3409 330 3462 4
360 3404 566 3482 Itaque
610 3405 798 3474 miror,
840 3407 979 3484 quid
1021 3408 1081 3468 in
1125 3416 1378 3468 mentem
1416 3411 1633 3470 venerit
1677 3340 2074 3496 ’[ζὲὅῄῌὼ
2120 3410 2180 3474 in
2217 3429 2290 3468 eo

354 3491 517 3563 libro,
546 3513 717 3572 quem
744 3496 819 3554 de
847 3496 1053 3555 divitiis
1079 3497 1341 3575 scripsit:
1382 3499 1440 3558 in
1467 3518 1584 3577 quo
1612 3499 1793 3560 multa
1827 3500 2117 3578 praeolare,
2145 3499 2286 3562 illud

237 3601 259 3620 ⁸
353 3583 618 3644 absurde.
698 3584 806 3644 Est
830 3585 979 3644 enim
1004 3585 1221 3646 multus
1245 3587 1306 3646 in
1331 3588 1621 3648 laudanda
1655 3589 2072 3670 magnificentia
2097 3596 2160 3648 et
2183 3608 2285 3668 ap-

352 3674 645 3756 paratione
691 3674 1049 3753 popularium
1093 3695 1426 3750 munerum:
1467 3679 1780 3756 taliumque
1819 3686 2157 3768 sumptuum
2201 3679 2284 3738 fa·
