2484 4175
881 333 1055 374 unna
1082 333 1169 374 111.
1253 333 1388 376 oar.
1421 335 1517 376 xx.
2102 325 2216 380 100

176 483 435 543 unquam
474 460 831 522 cumulatum
856 463 1177 531 videretur;
1220 464 1288 533 Q.
1328 461 1642 534 Metellum,
1675 465 1842 544 cujus
1879 466 2106 545 legatus

180 562 321 622 erat,
350 571 641 613 summum
664 552 849 610 virum
888 559 956 610 et.
988 552 1186 619 civem,
1216 571 1348 611 cum
1375 553 1450 612 ab
1477 573 1563 622 ee,
1600 555 1942 633 imperatore
1981 575 2104 626 suo,

179 643 429 703 Romam
466 642 675 700 missus
715 648 882 709 esset,
912 640 1071 719 apud
1110 641 1390 720 populum
1428 643 1750 702 Romanum
1783 645 2108 704 criminatus

180 741 288 803 est,
330 733 545 791 bellum
587 731 749 790 illum
789 730 1033 789 ducere:
1090 731 1137 788 si
1184 749 1248 789 se
1295 733 1586 790 consulem
1625 733 1905 814 fecissan
1950 735 2108 796 brevi

179 831 459 901 tempore,
487 827 588 879 aut
614 821 824 889 vivum,
854 826 957 879 aut
989 827 1278 880 mortuum
1305 821 1344 880 J
1345 823 1656 900 ugurtham
1683 842 1744 882 se
1771 824 1830 882 in
1856 832 2107 902 potesta·

178 921 299 971 tem
327 911 525 990 populi
562 909 805 968 Romani
830 909 1115 968 daturum.
1197 911 1406 988 Itaque
1432 912 1618 970 factus
1643 919 1733 970 est
1757 913 1852 972 ille
1877 915 2108 991 quidem
2135 921 2170 974 2

181 1002 398 1070 consul,
428 999 533 1058 sed
558 1018 595 1056 a
618 997 733 1058 fide
765 998 1095 1077 justitiaque
1120 999 1396 1068 discessit,
1423 1000 1522 1077 qui
1561 1003 1840 1078 optimum
1879 1009 1940 1062 et
1976 1023 2108 1082 gra-

178 1091 477 1150 vissimum
514 1090 713 1159 civem,
742 1089 907 1167 cujus
944 1089 1187 1168 legatus,
1216 1096 1276 1148 et
1311 1108 1348 1146 a
1373 1108 1488 1167 quo
1513 1091 1718 1150 missus
1745 1098 1912 1160 esset,
1940 1093 1998 1151 in
2023 1093 2105 1150 in·

176 1181 393 1240 vidiam
417 1179 563 1238 falso
588 1178 815 1236 crimine
842 1177 1157 1238 adduxerit.
1226 1179 1320 1236 Ne
1345 1187 1538 1238 noster
1564 1180 1792 1258 quidem
1823 1181 2104 1238 Gratidia-
2133 1187 2170 1242 8

176 1289 289 1328 nus
314 1269 499 1329 officio
524 1267 658 1327 boni
680 1267 785 1325 viri
808 1267 1039 1326 functus
1068 1273 1157 1326 est
1194 1275 1338 1336 tum,
1369 1289 1502 1328 cum
1541 1277 1758 1347 praetor
1793 1276 1962 1338 esset,
1991 1271 2106 1330 col·

178 1360 509 1438 leg-iamque
536 1364 849 1434 praetorum
874 1357 1083 1415 tribuni
1115 1357 1272 1434 plebi
1295 1358 1704 1428 adhibuissent,
1729 1365 1798 1418 ιιι
1823 1378 1914 1416 res
1939 1379 2104 1419 num-

176 1448 357 1507 maria
384 1448 459 1506 de
487 1446 769 1506 communi
794 1447 1073 1504 sententia
1092 1447 1548 1508 constitueretur.
1601 1449 1640 1509 J
1641 1449 1941 1508 actabatur
1959 1449 2108 1508 enim

176 1539 533 1617 temporibus
580 1537 687 1596 illis
732 1555 997 1596 nummus
1044 1538 1143 1607 sic,
1191 1544 1260 1597 ut
1310 1557 1478 1597 nemo
1523 1546 1718 1617 posset
1763 1540 1920 1608 scire,
1967 1539 2108 1618 quid

178 1630 437 1688 haberet.
498 1627 966 1704 Conscripserunt
992 1628 1363 1686 communiter
1388 1629 1639 1688 edictum
1665 1649 1800 1689 cum
1823 1649 1996 1708 poena
2021 1635 2106 1688 at·
2133 1634 2172 1688 4

178 1737 291 1796 que
313 1717 562 1796 judicie,
549 1736 561 1749 ·
604 1717 1148 1794 constitueruntque,
1171 1724 1238 1776 ut
1266 1737 1462 1777 omnes
1487 1720 1656 1778 simul
1680 1720 1739 1778 in
1765 1728 1950 1778 rostra
1975 1725 2108 1798 post

176 1807 473 1866 meridiem
497 1805 882 1865 escenderent.
950 1806 1027 1864 Et
1052 1807 1225 1865 ceteri
1242 1808 1472 1884 quidem
1499 1809 1643 1866 alius
1669 1810 1809 1869 alio:
1838 1811 2050 1868 Marius
2071 1828 2106 1868 a
2133 1817 2170 1870 5

175 1896 459 1956 subselliis
498 1895 556 1953 in
593 1903 777 1952 rostra
816 1901 989 1963 recta,
1020 1896 1209 1974 idque,
1240 1896 1396 1974 quod
1427 1899 1800 1956 communiter
1826 1899 2104 1976 composi-

172 1994 303 2044 tum
346 1985 552 2053 fuerat,
595 1975 749 2043 solus
796 1984 987 2043 edixit.
1069 1986 1146 2043 Et
1192 2004 1263 2043 ea
1301 2005 1409 2055 res,
1451 1986 1500 2044 si
1538 1987 1763 2064 quaerist,
1805 1988 1858 2046 ei
1895 2007 2106 2066 magno

172 2075 378 2134 honori
402 2075 526 2134 fuit.
597 2074 875 2134 Omnibus
900 2075 1035 2133 vicis
1062 2081 1309 2135 statuae:
1353 2076 1430 2134 ad
1457 2095 1552 2135 eas
1579 2082 1690 2146 tus,
1719 2078 1882 2137 cerei.
1952 2077 2105 2147 Quid

172 2168 359 2225 multa
380 2166 408 2224 ‘2
494 2166 681 2223 Nemo
707 2185 957 2243 unquam
984 2166 1330 2225 multitudini
1358 2166 1468 2224 fuit
1495 2166 1688 2226 carior.
1771 2168 1920 2226 Haec
1947 2174 2100 2236 sunt,
2131 2174 2167 2227 6

172 2276 307 2334 quae
358 2256 700 2314 conturbant
745 2256 803 2313 in
843 2256 1243 2314 deliberatione
1290 2276 1712 2335 nonnunquam,
1756 2277 1890 2316 cum
1927 2257 2004 2327 id,
2048 2258 2106 2316 in

172 2365 291 2423 quo
328 2345 575 2403 violatur
613 2345 870 2423 aequitat,
910 2364 1027 2403 non
1062 2345 1144 2403 ita
1181 2364 1470 2425 magnum,
1513 2346 1654 2405 illud
1693 2354 1904 2416 autem,
1948 2347 2102 2425 quod

173 2454 248 2493 ex
296 2454 367 2493 eo
414 2435 647 2511 paritur,
696 2453 1073 2513 permagnum
1119 2433 1376 2494 videtur:
1435 2443 1504 2495 ut
1548 2436 1748 2507 Mai-ie,
1798 2437 2106 2516 praeripere

174 2524 415 2601 collegis
446 2526 517 2581 et
553 2523 791 2582 tribunis
835 2524 912 2601 pl.
958 2524 1294 2601 popularem
1335 2526 1594 2604 gratiam,
1625 2545 1738 2586 non
1778 2527 1860 2586 ita
1899 2534 2104 2605 turpe;

174 2614 471 2672 consulem
497 2612 575 2671 ob
600 2631 725 2671 eam
750 2632 873 2671 rem
899 2613 1035 2681 fieri,
1058 2614 1212 2692 quod
1240 2614 1348 2672 sibi
1375 2622 1499 2675 tum
1527 2624 1915 2695 proposuerat,
1936 2618 2104 2676 valde

174 2704 319 2761 utile
338 2702 654 2761 videbatur.
712 2702 830 2760 Sed
856 2702 1107 2761 omnium
1125 2722 1240 2761 una
1266 2705 1465 2783 regula
1485 2713 1592 2775 est,
1612 2724 1786 2783 quam
1809 2706 1912 2765 tibi
1939 2707 2106 2783 cupio
2135 2705 2165 2765 '1

174 2812 305 2851 esse
332 2792 721 2851 notissimam:
766 2799 867 2851 aut
890 2791 1050 2860 illud,
1080 2792 1237 2870 quod
1262 2793 1398 2851 utile
1423 2794 1663 2862 videtur,
1692 2802 1861 2872 turpe
1895 2814 1969 2853 ne
2001 2795 2104 2863 sit;

174 2890 299 2951 aut,
330 2883 379 2940 si
418 2888 587 2960 turpe
625 2887 730 2951 est,
759 2900 831 2940 ne
857 2882 1123 2939 videatur
1148 2901 1274 2941 esse
1299 2883 1454 2942 utile.
1538 2882 1688 2952 Quid
1713 2884 1888 2961 igitur
1904 2884 1932 2940 ‘2
1974 2902 2104 2961 pos·
2134 2890 2169 2942 8

170 2986 449 3031 sumusne
478 2978 579 3029 aut
604 2971 764 3030 illum
791 2972 1035 3029 Marium
1058 2971 1241 3029 virum
1261 2973 1473 3031 bonum
1495 2972 1768 3050 judicare,
1787 2978 1888 3031 aut
1904 2970 2056 3029 hunc
2075 2972 2102 3029 ‘2

170 3062 418 3139 Explica
444 3068 617 3138 atque
644 3068 850 3136 excqite
876 3060 1304 3139 intelligentiam
1338 3068 1515 3129 tuam,
1544 3067 1611 3118 ut
1635 3059 1844 3128 videas,
1873 3080 2004 3138 quae
2035 3060 2106 3119 sit

168 3151 236 3209 in
262 3170 333 3209 ea
359 3150 599 3229 specieS‚
619 3150 809 3207 forma
836 3157 896 3208 et
922 3150 1077 3208 notio
1101 3150 1206 3208 viri
1230 3150 1378 3209 boni.
1461 3150 1630 3208 Cadit
1668 3168 1804 3229 ergo
1841 3150 1900 3209 in
1925 3152 2106 3210 virum
2134 3156 2170 3209 9

170 3242 395 3299 bonum
434 3238 655 3297 mentiri
694 3239 1061 3298 emolumenti
1100 3239 1187 3298 sui
1227 3258 1416 3308 causa,
1448 3239 1741 3308 criminari,
1772 3241 2104 3319 praeripere,

168 3329 377 3387 fallere
396 3328 425 3385 ‘2
504 3328 664 3386 Nihil
691 3328 946 3405 profecto
972 3328 1175 3387 minus.
1257 3329 1364 3388 Est
1391 3348 1548 3433 ergo
1554 3330 1672 3389 ulla
1697 3349 1788 3389 res
1815 3330 1976 3399 tanti,
2006 3337 2106 3389 aut
2134 3336 2212 3389 lo

170 3416 547 3477 commodum
572 3417 754 3475 ullum
779 3424 897 3475 tam
924 3416 1328 3496 expetendum,
1355 3425 1423 3477 ut
1448 3417 1552 3478 viri
1588 3419 1721 3479 boni
1747 3426 1807 3477 et
1841 3420 2106 3497 splendo-

167 3526 301 3565 rem
327 3513 386 3564 et
410 3525 619 3565 nomen
644 3507 917 3565 amittas?
1000 3508 1150 3577 Quid
1178 3515 1283 3577 est,
1313 3509 1468 3587 quod
1507 3509 1706 3568 afferre
1742 3516 1972 3568 tantum
1995 3508 2103 3565 uti·
2134 3512 2206 3567 11

168 3597 313 3657 litas
352 3596 479 3664 ista,
518 3616 651 3674 quae
688 3595 909 3666 dicitur,
954 3598 1148 3675 possit,
1180 3605 1453 3674 quantum
1493 3600 1732 3667 auferre,
1759 3598 1807 3655 si
1847 3597 1980 3656 boni
2005 3595 2108 3655 viri

167 3703 391 3745 nomen
416 3686 701 3765 eripuerit,
729 3685 905 3745 fidem
930 3686 1320 3765 justitiamque
1347 3688 1698 3747 detraxerit?
1779 3686 1932 3756 Quid
1958 3686 2110 3746 enim
2136 3690 2210 3745 12
