2484 4175
931 271 1178 374 {1²35}ss
1262 331 1397 374 oAP.
1427 333 1601 375 xxxv.
2204 317 2287 378 4⁸
2342 387 2346 392 ⁸

245 459 544 520 industria.
625 461 826 540 Atque
861 461 1034 520 etiam
1069 481 1202 521 cum
1227 462 1481 522 relaxare
1508 462 1725 522 animos
1752 467 1813 522 et
1838 461 1977 522 dare
2002 481 2065 524 se
2086 462 2179 543 ju·
2206 467 2249 524 4

249 551 528 610 cunditati
566 551 774 620 volent,
815 559 1052 610 caveant
1091 552 1601 630 intemperantiam,
1643 552 1998 610 meminerint
2023 571 2180 612 vere-

247 641 505 698 cundiae:
563 641 719 718 quod
766 641 874 700 erit
918 641 1154 710 facilius,
1204 643 1253 699 si
1300 642 1360 700 in
1401 641 1687 720 ejusmodi
1731 641 1963 719 quidem
2008 643 2181 702 rebus

245 731 497 808 majores
537 737 680 788 natu
704 731 880 790 velint
918 731 1208 792 interesse.
1292 731 1537 791 Senibus
1576 739 1771 811 autem
1807 731 2031 791 labores
2058 752 2179 792 cor·
2208 742 2244 794 5

246 821 404 898 poris
446 820 752 890 minuendi,
781 819 1208 880 exercitationes
1256 821 1427 880 animi
1470 822 1641 899 etiam
1681 821 1961 910 augendae
1987 821 2181 882 viden·

247 917 362 970 tur.
418 910 626 968 Danda
643 929 778 968 vero
799 929 989 988 opera,
1007 917 1074 970 ut
1089 917 1148 969 et
1167 911 1379 970 amicos
1400 917 1459 968 et
1479 885 1919 990 jdikiiiffiieffi'et
1937 913 2181 972 maxime

247 1018 372 1057 rem
399 1000 688 1077 publicam
709 1000 938 1058 consilio
957 1007 1018 1058 et
1043 999 1345 1078 prudentia
1368 1020 1545 1079 quam
1564 1000 1867 1078 plurimum
1888 1001 2177 1081 adjuvent.

246 1089 412 1148 Nihil
432 1089 840 1184 WeQmflgiS
862 1089 1180 1148 cavendum
1201 1097 1291 1148 est
1317 1091 1611 1159 senectuti,
1634 1110 1809 1169 quam
1825 1111 1897 1150 ne
1917 1091 2181 1170 languori
2208 1097 2245 1150 6

245 1197 316 1236 se
383 1159 686 1256 esidieeque
712 1177 904 1238 dedat.
986 1178 1240 1238 Luxuria
1266 1197 1403 1239 vero
1428 1198 1563 1238 cum
1588 1180 1744 1239 omni
1780 1180 1937 1240 oetati
1974 1181 2177 1258 turpis,
2209 1182 2243 1242 7

247 1273 378 1326 tum
417 1268 694 1328 senectuti
735 1267 1052 1328 foedissnna
1091 1275 1196 1329 est.
1280 1269 1383 1328 Sin
1428 1275 1622 1328 autem
1667 1269 1964 1328 libidinum
2009 1270 2180 1329 etiam

245 1357 682 1436 intemperantia
725 1357 1046 1428 accesserit,
1085 1358 1303 1437 duplex
1347 1358 1563 1418 malum
1608 1366 1715 1428 est,
1756 1357 1913 1438 quod
1952 1366 2013 1417 et
2056 1359 2183 1438 ipsa

245 1455 514 1510 senectus
535 1447 784 1506 dedecus
805 1447 1068 1528 concipit,
1089 1455 1154 1508 et
1175 1448 1315 1509 facit
1332 1448 1777 1508 adolescentium
1802 1448 2181 1528 impudentio-

244 1556 374 1596 rem
398 1537 906 1616 intemperantiam.
1784 1561 1804 1577 ·

329 1627 424 1686 Ac
474 1645 550 1686 ne
592 1627 736 1686 illud
781 1628 1013 1706 quidem
1053 1627 1299 1687 alienum
1338 1635 1444 1699 est,
1483 1627 1559 1690 de
1602 1629 2059 1709 magistratuum,
2102 1628 2177 1688 de
2209 1636 2245 1690 8

246 1716 620 1796 privatorum,
649 1717 722 1776 de
749 1718 974 1788 civium,
1003 1717 1078 1777 de
1109 1718 1538 1798 peregrinorum
1563 1720 1758 1779 officiis
1785 1719 1991 1780 dicere.
2072 1719 2181 1779 Est
2208 1725 2245 1780 9

245 1807 426 1886 igitur
470 1808 764 1886 proprium
809 1827 1020 1870 munus
1064 1809 1453 1888 magistratus,
1500 1809 1830 1889 intelligere,
1872 1829 1935 1868 se
1980 1827 2181 1888 gerere
2258 1795 2275 1812 ⁰

247 1916 555 1976 personam
581 1898 836 1967 civitatis,
859 1896 1180 1976 debereque
1201 1899 1329 1976 ejus
1356 1897 1693 1978 dignitatem
1721 1905 1783 1958 et
1805 1897 1984 1958 decus
2011 1899 2179 1958 susti-

247 2005 402 2056 nere,
433 2005 654 2046 servare
694 1987 873 2066 leges,
898 1988 1030 2066 jura
1071 1988 1410 2056 describere,
1446 2007 1515 2047 ea
1555 1988 1687 2048 fidei
1728 2007 1850 2046 suae
1886 1988 2183 2048 commissa

245 2055 958 2167 meminissevrivatum
984 2084 1178 2138 autem
1205 2083 1435 2157 oportet
1462 2097 1627 2157 aequo
1654 2084 1715 2137 et
1739 2077 1863 2156 pari
1888 2098 2021 2137 cum
2049 2077 2180 2137 civi·
2212 2084 2287 2139 10

246 2168 364 2227 bus
397 2168 527 2246 jure
565 2168 770 2238 vivere,
811 2187 996 2246 neque
1043 2169 1409 2227 summissum
1450 2174 1513 2227 et
1547 2167 1855 2247 abjectum,
1896 2185 2081 2245 neque
2120 2187 2181 2227 se

249 2258 616 2317 efferentem:
657 2264 784 2317 tum
823 2258 884 2317 in
924 2276 988 2317 re
1030 2258 1263 2337 publica
1301 2276 1371 2317 ea
1410 2258 1573 2326 velle,
1601 2276 1733 2336 quae
1774 2256 2077 2335 tranquilla
2122 2264 2183 2317 et

247 2344 494 2406 honesta
523 2348 652 2407 sint.
733 2348 930 2407 Talem
956 2348 1106 2407 enim
1133 2348 1383 2407 solemus
1410 2354 1468 2407 et
1496 2348 1703 2406 sentire
1738 2347 1953 2407 bonum
1979 2346 2179 2416 civem,

247 2443 312 2495 et
338 2436 547 2496 dicere.
629 2437 924 2516 Peregrini
961 2444 1156 2497 autem
1195 2444 1370 2515 atque
1408 2437 1609 2497 incolae
1639 2436 1884 2497 officium
1912 2443 2017 2507 est,
2044 2438 2181 2497 nihil
2210 2442 2282 2497 11

248 2533 466 2605 praeter
505 2546 676 2587 suum
718 2528 1014 2607 negotium
1057 2546 1251 2607 agere,
1278 2526 1419 2585 nihil
1452 2525 1529 2585 de
1554 2527 1665 2587 alio
1688 2527 2001 2605 anquirere,
2023 2528 2179 2587 mini-

247 2636 460 2695 meque
484 2636 610 2675 esse
633 2618 694 2677 in
719 2618 900 2677 aliena
924 2635 986 2677 re
1013 2617 1247 2695 publica
1272 2617 1573 2710 curiosum.
1760 2639 1763 2641 ’

332 2708 428 2765 Ita
463 2707 584 2765 fere
623 2707 804 2766 officia
841 2707 1214 2786 reperientur,
1260 2726 1393 2765 cum
1433 2712 1737 2784 quaeretur,
1783 2706 1921 2785 quid
1960 2705 2179 2774 deceat,
2212 2712 2285 2765 12

249 2802 312 2856 et
339 2796 480 2874 quid
505 2803 708 2875 aptum
735 2797 810 2855 sit
835 2797 1109 2874 personis,
1138 2796 1512 2875 temporibus,
1542 2796 1825 2855 aetatibus.
1906 2796 2065 2855 Nihil
2092 2802 2181 2855 est
2212 2802 2285 2854 13

247 2892 464 2955 autem,
493 2886 652 2964 quod
690 2893 811 2945 tam
837 2886 1058 2955 deceat,
1089 2905 1265 2965 quam
1294 2886 1355 2946 in
1381 2885 1535 2945 omni
1558 2904 1623 2943 re
1648 2883 1901 2964 gerenda
1926 2885 2181 2943 consilio-

248 2994 366 3055 que
392 2975 670 3054 capiendo
695 2994 918 3037 servare
945 2976 1339 3035 constantiam.

329 3153 572 3215 XXXV.
602 3154 720 3213 Sed
745 3155 1009 3232 quoniam
1027 3154 1301 3213 decorum
1324 3152 1469 3213 illud
1492 3152 1553 3212 in
1568 3152 1831 3211 omnibus
1855 3151 2039 3222 factis,
2062 3152 2181 3213 dic-

249 3244 342 3313 tis,
363 3244 423 3302 in
445 3244 696 3322 corporis
722 3242 966 3323 denique
985 3250 1150 3303 motu
1171 3250 1234 3302 et
1261 3249 1419 3301 statu
1442 3242 1705 3311 cernitur,
1733 3242 1907 3321 idque
1934 3243 2185 3321 positum

249 3340 342 3392 est
377 3333 440 3392 in
475 3334 662 3393 tribus
702 3334 893 3403 rebus,
920 3334 1297 3403 formositate,
1327 3330 1540 3402 ordine,
1570 3339 1775 3393 ornatu
1799 3333 1876 3392 ad
1902 3333 2181 3392 actionem

249 3430 408 3501 apto,
437 3422 756 3483 difficilibus
795 3423 872 3482 ad
913 3423 1317 3501 eloquendum,
1347 3422 1451 3481 sed
1496 3422 1633 3481 satis
1668 3423 1777 3481 erit
1814 3422 2085 3502 intelligi;
2125 3423 2183 3481 in
2212 3428 2249 3481 2

249 3512 339 3571 his
365 3518 564 3571 autem
588 3512 772 3571 tribus
799 3513 1116 3572 continetur
1141 3532 1280 3571 cura
1306 3513 1478 3571 etiam
1505 3512 1618 3581 illa,
1647 3519 1715 3570 ut
1754 3513 2062 3591 probemur
2099 3510 2183 3579 iis,

245 3600 594 3679 quibuscum
607 3602 766 3679 apud
782 3621 1038 3680 quosque
1053 3602 1339 3661 vivamus:
1367 3602 1457 3661 his
1473 3620 1701 3680 quoque
1717 3601 1791 3658 de
1811 3602 1983 3659 rebus
2001 3617 2187 3678 pauca

247 3690 532 3751 dicantur.
612 3691 914 3771 Principio,
945 3690 1196 3771 corporis
1220 3690 1401 3751 nostri
1425 3709 1695 3769 magnam
1720 3695 1927 3749 natura
1951 3688 2079 3768 ipsa
2102 3688 2184 3749 vi·
2212 3694 2250 3749 8
