2484 4175
885 330 1058 383 usim
1081 330 1170 369 111.
1252 328 1385 371 oar.
1414 331 1493 373 x1.
2129 320 2207 375 99

199 453 264 513 ad
286 455 578 515 amicitiam
605 457 836 517 tertium
861 458 1262 518 adscriberent.
1334 460 1483 518 Cum
1502 460 1677 539 igitur
1694 460 1771 529 id,
1790 460 1946 538 quod
1962 461 2101 520 utile
2134 469 2204 523 le

195 543 402 604 videtur
427 546 484 605 in
507 547 768 615 amicitia,
811 566 944 606 cum
989 567 1076 617 eo,
1119 549 1279 626 quod
1317 550 1621 609 honestum
1664 557 1768 618 est,
1812 570 2100 629 compara-

197 640 292 703 tur,
312 636 500 713 jaceat
524 636 782 695 utilitatis
809 638 1044 715 specieS‚
1068 640 1257 697 valeat
1283 640 1566 699 honestas.
1652 641 1803 698 Cum
1829 648 2019 699 autem
2044 642 2103 699 in
2132 648 2203 701 19

195 726 436 793 amicitia,
453 745 584 803 quae
605 727 844 785 honesta
858 747 976 785 non
995 737 1143 797 sunt,
1168 729 1623 806 postulabuntur,
1651 730 1849 807 religio
1873 737 1933 787 et
1958 731 2101 789 fides

193 822 555 894 anteponatur
591 816 868 875 amicitiae.
951 817 1046 876 Sic
1086 818 1393 878 habebitur
1430 818 1497 888 is,
1526 837 1697 897 quem
1738 819 2100 897 exquirimus,

193 903 432 965 delectus
458 905 640 965 officii.

253 1084 353 1143 XI.
397 1083 516 1141 Sed
543 1083 798 1143 utilitatis
825 1084 1012 1163 specie
1037 1084 1112 1144 in
1150 1103 1181 1143 r
1197 1104 1230 1143 e
1272 1105 1313 1164 p
1330 1106 1373 1143 ιι
1389 1086 1427 1143 b
1444 1085 1545 1144 lic
1560 1104 1595 1143 a
1636 1084 1947 1163 saepissime
1966 1104 2097 1164 pec-

189 1182 347 1245 catur,
374 1183 445 1234 ut
469 1176 527 1234 in
545 1176 800 1235 Corinthi
819 1177 1228 1236 disturbatione
1243 1178 1440 1238 nostri.
1496 1179 1709 1237 Durius
1724 1178 1895 1236 etiam
1914 1179 2099 1237 Athe-

186 1264 408 1335 nienses,
437 1266 537 1343 qui
562 1266 862 1335 sciverunt,
891 1274 960 1325 ut
985 1267 1294 1346 AEginetiS,
1322 1267 1421 1345 qui
1458 1267 1637 1326 classe
1662 1266 1947 1336 valebant,
1976 1267 2100 1346 pol-

185 1354 306 1414 lices
329 1355 791 1435 praeciderentur.
874 1357 1002 1416 Hoc
1029 1358 1214 1416 visum
1250 1363 1339 1415 est
1362 1357 1519 1416 utile.
1601 1357 1784 1415 Nimis
1812 1358 1960 1415 enim
1997 1358 2099 1417 im-
2128 1363 2163 1417 2

185 1446 440 1514 minebat,
469 1452 707 1525 propter
731 1446 1230 1525 propinquitatem,
1256 1446 1471 1526 AEgina
1490 1446 1732 1506 Piraeeo,
1796 1446 1913 1505 Sed
1940 1447 2097 1516 nihil,

185 1535 326 1611 quod
351 1534 603 1604 crudele,
631 1535 786 1595 utile.
866 1536 974 1593 Est
999 1536 1149 1595 enim
1175 1536 1471 1595 hominum
1495 1543 1731 1605 naturae,
1748 1556 1921 1614 quam
1940 1537 2101 1615 sequi

183 1624 464 1693 debemus,
491 1624 734 1683 maxime
761 1624 982 1683 inimica
1007 1626 1330 1684 crudelitas.
1411 1626 1563 1684 Male
1606 1627 1775 1685 etiam
1814 1627 1913 1704 qui
1937 1646 2099 1706 pere-
2127 1632 2163 1685 3

184 1715 362 1792 grinos
385 1714 626 1773 urbibus
649 1715 736 1773 uti
764 1715 1085 1792 prohibent,
1114 1733 1325 1793 eosque
1352 1715 1741 1785 exterminant,
1768 1722 1837 1773 ut
1866 1716 2099 1774 Pennus

183 1804 330 1882 apud
355 1811 550 1882 patres
576 1810 820 1872 nostros,
847 1804 1065 1882 Papius
1089 1822 1291 1882 nuper.
1373 1804 1526 1861 Nam
1551 1823 1674 1863 esse
1702 1824 1808 1883 pro
1834 1805 1973 1873 cive,
2004 1806 2101 1883 qui
2126 1808 2163 1863 4

183 1894 310 1952 civis
343 1912 460 1951 non
497 1893 588 1963 sit,
616 1899 838 1953 rectum
877 1901 966 1951 est
1005 1913 1120 1952 non
1159 1893 1361 1952 licere:
1405 1912 1577 1971 quam
1620 1888 1809 1972 legem
1848 1894 2101 1952 tulerunt
2126 1942 2145 1969 ,

181 1982 561 2062 sapientissimi
603 1984 864 2042 consules
909 1984 1154 2043 Crassus
1195 1991 1255 2042 et
1296 1983 1588 2043 Scaevola:
1630 2002 1741 2040 usu
1767 2001 1903 2041 vero
1942 1982 2098 2040 urbis

181 2072 472 2151 prohibere
498 2072 824 2153 peregrinos
851 2091 986 2132 sane
1012 2074 1384 2133 inhumanum
1410 2080 1513 2132 est.
1596 2071 1707 2130 Illa
1734 2070 2024 2149 praeclara,
2044 2070 2103 2128 in
2128 2079 2165 2132 ὅ

179 2164 380 2240 quibus
419 2162 663 2241 publicae
687 2163 944 2223 utilitatis
981 2163 1202 2241 species
1230 2183 1352 2240 prae
1379 2164 1673 2221 honestate
1702 2159 2094 2221 contemnitur.

179 2253 352 2312 Plena
389 2253 782 2331 exemplorum
823 2260 911 2312 est
949 2259 1145 2312 nostra
1183 2272 1277 2312 res
1322 2253 1566 2331 publica,
1597 2269 1731 2310 cum
1770 2267 1943 2326 saepe,
1972 2256 2099 2307 tum
2126 2255 2161 2310 6

179 2343 414 2400 maxime
459 2343 612 2403 bello
655 2342 872 2402 Punico
919 2342 1205 2401 secundo:
1251 2361 1396 2420 quae,
1446 2341 1729 2400 Cannensi
1776 2339 2099 2399 calamitate

178 2438 429 2510 accepta,
455 2433 700 2510 majores
727 2433 942 2490 animos
968 2432 1186 2501 babuit,
1215 2451 1390 2510 quam
1414 2450 1667 2508 unquam
1692 2431 1864 2490 rebus
1904 2449 2101 2490 secun-

179 2520 282 2579 dis.
350 2520 529 2580 Nulla
553 2521 768 2580 timoris
797 2522 1149 2600 significatiO,
1167 2522 1325 2580 nulla
1350 2521 1561 2581 mentio
1578 2521 1749 2599 paciS.
1818 2521 1999 2578 Tanta
2017 2521 2103 2580 vis
2131 2519 2163 2578 ’ἲ

177 2616 264 2670 est
286 2610 528 2680 honesti,
556 2618 626 2670 ut
651 2611 898 2690 speciem
918 2611 1176 2670 utilitatis
1199 2613 1483 2670 obscuret.
1563 2610 1943 2669 Athenienses
1970 2629 2101 2668 cum
2131 2616 2166 2668 8

175 2700 480 2760 Persarum
504 2701 784 2780 impetum
809 2701 968 2760 nullo
991 2701 1166 2760 modo
1187 2707 1423 2780 possent
1448 2700 1740 2768 sustinere,
1763 2705 2102 2758 statuerent·

174 2809 304 2868 que,
331 2796 402 2848 ut
424 2791 566 2849 urbe
590 2790 806 2860 relicta,
834 2792 1177 2871 conjugibus
1204 2799 1265 2850 et
1290 2790 1481 2850 liberis
1509 2791 1783 2848 Troezene
1808 2788 2101 2865 depositis,

172 2899 347 2939 naves
373 2879 834 2949 conscenderent,
861 2881 1297 2960 libertatemque
1331 2879 1570 2938 Graecioe
1609 2879 1790 2937 classe
1831 2875 2101 2935 defende-

171 2977 338 3038 rent;
381 2970 668 3047 Cyrsilum
693 2969 1005 3048 quemdam
1033 2971 1387 3038 suadentem,
1414 2975 1483 3026 ut
1508 2968 1567 3028 in
1606 2967 1749 3026 urbe
1790 2972 2103 3034 manerent,

171 3061 536 3137 Xerxemque
574 3060 906 3138 reciperent,
947 3059 1228 3138 lapidibus
1269 3064 1701 3137 cooperuerunt.
1783 3055 1968 3133 Atqui
2006 3055 2101 3116 ille
2130 3060 2167 3114 9

173 3149 480 3208 utilitatem
507 3149 666 3227 sequi
689 3149 1026 3208 videbatur:
1069 3148 1172 3206 sed
1199 3167 1269 3206 ea
1294 3148 1451 3207 nulla
1477 3153 1599 3206 erat
1622 3152 1977 3224 repugnante
2002 3147 2104 3205 ho-

173 3245 416 3298 nestate.
496 3238 904 3298 Themistocles
931 3245 1066 3316 post
1091 3237 1386 3296 victoriam
1424 3237 1549 3316 ejus
1591 3236 1745 3304 belli,
1778 3235 1935 3312 quod
1974 3255 2107 3294 cum
2135 3240 2209 3294 1⁰

173 3327 366 3386 Persis
392 3327 519 3395 fuit,
548 3327 691 3386 dixit
715 3327 774 3386 in
801 3327 1086 3395 concione,
1125 3345 1191 3386 se
1229 3327 1443 3386 habere
1486 3326 1777 3385 consilium
1816 3324 1899 3382 rei
1923 3324 2106 3402 publi-

173 3435 262 3476 σεο
289 3416 560 3485 salutare,
588 3417 694 3476 sed
718 3416 780 3475 id
806 3417 934 3475 sciri
975 3435 1091 3474 non
1128 3435 1277 3494 opus
1323 3434 1465 3475 esse.
1545 3414 1879 3482 Postulavit,
1906 3419 1972 3470 ut
2010 3411 2107 3469 ali-
2226 3432 2234 3440 ·

171 3525 348 3584 quem
375 3506 628 3585 populus
655 3505 836 3575 daret,
865 3506 1094 3584 quicum
1123 3506 1577 3564 communicaret.
1647 3505 1835 3563 Datus
1862 3509 1950 3559 est
1974 3499 2106 3558 Ari·
2138 3503 2208 3556 11

173 3596 371 3656 stides.
453 3596 608 3654 Huic
633 3595 745 3665 ille,
774 3597 1014 3655 classem
1043 3593 1624 3661 Lacedaemoniorum‚
1654 3609 1785 3669 quae
1824 3587 2111 3647 subducta

169 3691 332 3746 esset
353 3684 435 3746 ad
464 3685 783 3764 Gytheum,
805 3685 954 3746 clam
978 3683 1200 3743 incendi
1227 3703 1427 3761 posse:
1470 3701 1584 3760 quo
1610 3681 1764 3738 facto
1788 3676 1973 3754 frangi
1999 3675 2110 3733 La·

891 3867 1435 3979 233011
