2484 4175
249 324 330 378 60
1067 335 1146 375 nn
1185 334 1441 376 omens

355 465 458 524 tim
495 471 630 523 sunt
667 465 924 533 inanima,
955 471 1024 524 ut
1059 483 1281 532 aurum,
1308 471 1627 543 argentum,
1658 471 1727 524 ιιι
1752 483 1837 534 ea,
1866 485 1999 542 quae
2026 466 2281 545 gignun-

354 562 450 614 tur
492 575 526 613 e
561 562 728 622 terra,
755 561 824 612 ιιι
863 555 974 612 alia
1015 555 1238 633 generis
1266 553 1555 631 ejusdem:
1600 554 1809 632 partim
1836 555 2113 624 animalia,
2140 576 2281 634 qnae

351 646 567 704 habent
591 663 726 702 suos
749 645 996 723 impetus
1021 651 1082 704 et
1105 663 1295 702 rerum
1320 644 1625 722 appetitus.
1704 644 1921 702 Eorum
1946 651 2141 703 autem
2170 647 2285 706 alia

290 741 326 796 9
353 736 582 795 rationis
622 735 876 812 expertia
917 741 1070 802 sunt,
1099 735 1208 792 alia
1241 735 1457 792 ratione
1482 734 1715 792 utentia.
1796 734 2078 812 Expertes
2104 736 2281 794 ratio-

351 826 454 894 nis,
484 825 631 902 equi,
661 825 852 893 boves,
878 825 1110 902 reliquae
1160 824 1425 902 pecudes,
1467 842 1626 901 apeS,
1656 842 1897 900 quarum
1938 843 2113 902 opere
2158 827 2281 884 effi-

250 922 326 976 10
355 916 502 974 citur
527 914 738 992 aliquid
763 913 840 972 ad
864 933 1034 972 usum
1059 915 1350 972 hominum
1376 920 1567 1002 atque:
1567 915 1758 1002 vitam.
1806 914 2053 994 Ratione
2082 922 2283 974 autem

351 1005 636 1064 utentium
660 1003 777 1062 duo
814 1023 1025 1083 genera
1061 1009 1301 1082 ponunt,
1329 993 1567 1061 deorum
1602 991 1796 1072 unum,
1806 976 2069 1062 alterum
2096 1005 2281 1064 homi-

280 1108 286 1114 ·
351 1113 506 1153 num.
587 1095 744 1152 Deos
785 1095 1041 1172 placatos
1085 1094 1271 1172 pietas
1310 1093 1517 1151 efficiet
1558 1098 1619 1150 et
1660 1093 1961 1152 sanctitas:
2018 1094 2283 1171 proxime

251 1189 321 1244 11
351 1191 546 1243 autem
583 1190 644 1242 et
681 1183 996 1244 secundum
1035 1183 1173 1242 deos
1211 1183 1563 1242 homines
1603 1182 2046 1241 hominibus
2085 1202 2283 1242 max-

349 1275 444 1334 im
459 1293 494 1332 e
532 1293 575 1333 ιι
589 1273 734 1334 tile
751 1293 780 1332 s
819 1293 944 1332 esse
983 1279 1240 1352 possunt.
1328 1273 1655 1350 Earumque
1706 1272 1845 1330 item
1890 1291 2098 1341 rerum,
2142 1291 2279 1350 quae

349 1370 590 1423 noceant
615 1369 676 1422 et
700 1363 906 1431 obsint,
933 1363 1140 1422 eadem
1174 1362 1375 1420 divisio
1414 1369 1520 1420 est.
1602 1361 1721 1420 Sed
1746 1362 1881 1439 quia
1906 1362 2044 1420 deos
2070 1381 2281 1422 nocere

349 1471 463 1511 non
488 1459 712 1530 putant,
733 1452 821 1510 his
841 1453 1111 1530 exceptis,
1130 1453 1389 1510 homines
1408 1452 1727 1511 hominibus
1748 1453 1948 1511 obesse
1967 1451 2283 1530 plurimum

349 1543 709 1602 arbitrantur.

247 1637 320 1692 12
426 1631 514 1688 Ea
553 1629 703 1688 enim
743 1630 886 1708 ipsa,
915 1649 1048 1707 quae
1091 1629 1337 1688 inanima
1378 1630 1640 1699 diximus,
1682 1630 1954 1708 pleraque
1995 1637 2131 1689 sunt
2170 1631 2281 1691 ho-

348 1720 564 1779 minum
589 1719 776 1797 operis
801 1719 1019 1788 effecta,
1051 1739 1180 1797 quae
1209 1739 1315 1778 nec
1342 1721 1697 1790 haberemus,
1727 1721 1831 1778 nisi
1866 1740 2067 1778 manus
2095 1727 2156 1779 et
2182 1739 2281 1780 ars
2342 1729 2357 1736 “

347 1809 711 1868 accessisset:
751 1829 856 1868 nec
883 1809 972 1868 his
998 1809 1116 1868 sine
1143 1809 1435 1868 hominum
1460 1810 1939 1869 administratione
1964 1817 2277 1870 uteremur.

244 1904 318 1958 13
348 1897 554 1976 Neque
579 1898 724 1958 enim
752 1899 1090 1958 valetudinis
1131 1900 1365 1968 curatio,
1392 1918 1577 1977 neque
1612 1899 1913 1978 navigatiO,
1940 1918 2126 1976 neque
2152 1902 2281 1980 agri

349 1988 588 2058 cultura,
632 2007 820 2068 neque
860 1990 1096 2068 frugum
1141 1989 1545 2066 fructuumque
1590 1990 1935 2068 reliquorum
1981 1989 2281 2067 'perceptio

247 2082 321 2138 14
349 2098 382 2138 e
396 2086 422 2138 t
445 2080 796 2139 conservatio
823 2079 940 2139 sine
966 2078 1263 2139 hominum
1290 2098 1467 2158 opera
1491 2080 1609 2138 ulla
1635 2098 1759 2138 esse
1788 2078 2130 2157 potuissem&
2138 2079 2279 2139 Jam

346 2188 483 2229 vero
521 2176 582 2228 et
619 2189 816 2229 earum
851 2189 1062 2238 rerum,
1103 2170 1310 2248 quibus
1350 2169 1790 2238 abundaremus‚
1831 2170 2166 2248 exportatio,
2214 2178 2279 2229 et

347 2271 561 2327 earum,
590 2260 796 2337 quibus
835 2278 1154 2337 egeremus,
1181 2259 1441 2328 invectio,
1472 2267 1625 2318 certe
1658 2260 1817 2317 nulla
1854 2266 2023 2328 esset,
2050 2259 2159 2318 nisi
2182 2261 2279 2319 his

250 2353 318 2409 15
346 2348 672 2407 muneribus
698 2347 952 2405 homines
972 2348 1361 2427 fungerentur.
1416 2348 1747 2427 Eademque
1767 2349 1985 2408 ratione
2003 2368 2107 2408 nec
2127 2350 2272 2428 lapi-

346 2438 450 2496 des
489 2456 523 2495 e
559 2444 714 2495 terra
751 2436 1142 2496 exciderentur
1181 2438 1257 2495 ad
1303 2458 1473 2497 usum
1516 2446 1777 2497 nostrum
1820 2438 2136 2507 necessarii,
2178 2460 2279 2499 mc

329 2528 576 2603 sermm,
619 2544 710 2596 ωε,
751 2545 978 2594 aarum,
1019 2536 1314 2603 amentum
1351 2527 1695 2587 effoderetur
1730 2530 1961 2604 penitus
1996 2530 2272 2600 abditum,

346 2614 466 2673 sine
507 2614 798 2675 hominum
837 2616 1032 2676 labore
1071 2624 1132 2676 et
1171 2637 1361 2677 manu.
1444 2618 1551 2677 IV.
1594 2618 1769 2677 Tecta
1793 2638 1946 2690 vero,
1974 2620 2183 2699 quibus
2210 2628 2275 2679 et

346 2704 624 2783 frigorum
643 2705 726 2763 vis
747 2705 1068 2784 pelleretur,
1091 2714 1151 2765 et
1172 2706 1423 2767 calorum
1449 2708 1725 2768 molestiae
1750 2708 2096 2777 sedarentur,
2115 2710 2274 2769 unde

344 2801 447 2852 aut
483 2794 638 2854 initio
671 2796 863 2874 generi
901 2796 1152 2856 humano
1187 2798 1310 2855 dari
1346 2798 1680 2877 potuissent,
1708 2806 1811 2857 aut
1836 2806 2039 2877 postea
2064 2799 2273 2858 subve-

343 2884 464 2954 niri,
493 2885 542 2944 si
567 2891 669 2943 aut
692 2886 750 2944 vi
781 2888 1134 2964 tempestatis
1161 2895 1264 2945 aut
1302 2894 1471 2946 terrae
1494 2894 1668 2946 motu‘
1684 2894 1787 2946 aut
1811 2894 2097 2946 vetustate
2124 2889 2272 2947 ceci-

342 2974 574 3045 dissent,
601 2975 706 3035 nisi
729 2977 1042 3035 communis
1069 2977 1186 3037 vita
1212 2978 1286 3036 ab
1312 2977 1633 3037 hominibus
1658 2978 1863 3037 harum
1889 2996 2081 3036 rerum
2106 2978 2271 3037 auxi-

274 3072 308 3124 2
341 3063 419 3122 lia
435 3073 629 3144 petere
649 3066 980 3127 didicisset?
1020 3066 1196 3127 Adde
1215 3067 1425 3128 ductus
1447 3086 1740 3146 aquarum,
1764 3066 2141 3126 derivationes
2160 3068 2271 3127 flu-

338 3153 570 3223 minum,
590 3174 856 3233 agrorum
869 3157 1235 3236 irrigationeS,
1254 3156 1433 3217 moles
1450 3158 1743 3237 oppositas
1758 3157 2045 3227 fluctibus,
2064 3164 2273 3237 portus

339 3260 515 3300 manu
551 3244 751 3312 factos,
779 3264 910 3322 quae
946 3246 1098 3305 unde
1137 3247 1257 3306 sine
1291 3247 1584 3306 hominum
1622 3266 1796 3326 opere
1832 3248 2042 3307 habere
2070 3267 2271 3327 posse·

277 3338 313 3389 3
341 3350 468 3388 mus
485 3332 514 3390 ‘2
579 3332 668 3389 Ex
693 3333 898 3410 quibus
923 3336 1230 3414 multisque
1256 3337 1377 3395 aliis
1404 3338 1767 3416 perspicuum
1794 3344 1899 3407 est,
1922 3338 2021 3417 qui
2044 3339 2271 3399 fructus

341 3438 582 3499 quaeque
609 3421 878 3481 utilitates
903 3442 976 3481 ex
1001 3425 1172 3484 rebus
1199 3426 1283 3495 iis,
1312 3446 1443 3505 quae
1472 3435 1607 3487 sunt
1640 3428 1925 3497 inanimae,
1954 3428 2269 3507 percipian-

314 3516 426 3578 tur,
467 3530 563 3568 eas
609 3528 712 3569 nos
757 3512 915 3570 nullo
961 3513 1132 3571 modo
1178 3515 1298 3573 sine
1337 3517 1629 3577 hominum
1668 3537 1841 3577 manu
1880 3525 2052 3595 atque
2092 3537 2271 3597 opera

275 3604 314 3655 4
341 3618 544 3678 capere
585 3600 852 3679 potuisse.
935 3601 1048 3671 Qui
1087 3601 1331 3683 denique
1372 3624 1445 3665 ex
1483 3608 1677 3667 bestiis
1714 3609 1954 3675 fructus,
1990 3613 2093 3665 aut
2130 3626 2267 3685 quae

279 3694 314 3747 6
341 3691 730 3759 commoditas,
755 3690 860 3751 nisi
894 3691 1148 3751 homines
1173 3694 1529 3773 adjuvarent,
1558 3698 1774 3777 percipi
1799 3703 1995 3776 posset
2010 3696 2039 3756 ‘2
2108 3696 2172 3755 N
2170 3714 2267 3756 am
