2484 4175
856 318 1031 361 numa
1056 291 1117 360 ι,
1178 319 1314 360 car.
1343 319 1512 362 mn.
2135 304 2212 361 2⁸

172 444 347 515 liberi,
399 445 723 525 propinqui,
770 446 1105 507 familiares:
1166 449 1270 507 sed
1312 468 1508 508 omnes
1551 448 1801 507 omnium
1845 446 2110 507 caritates

172 536 357 613 patria
395 555 515 594 una
561 536 859 614 complexa
897 544 1022 596 est:
1066 557 1171 615 pro
1198 558 1314 616 qua
1339 539 1465 617 quis
1491 539 1677 598 bonus
1705 537 1930 598 dubitet
1955 537 2108 595 morss

171 632 287 683 tem
328 632 625 704 oppetere,
668 625 717 683 si
751 625 803 683 ei
838 627 911 684 sit
951 627 1286 706 profuturus
1307 628 1336 686 ‘2
1419 629 1546 697 Quo
1589 634 1680 687 est
1721 627 2106 686 detestabilior
2137 631 2208 685 13

168 714 411 773 istorum
448 714 786 783 immanitas
815 716 913 793 qui
952 716 1274 775 lacerarunt
1308 717 1462 776 omni
1503 718 1714 777 scelere
1755 718 2019 795 patriam,
2046 723 2106 774 et

170 803 223 861 in
248 822 320 862 ea
346 804 611 861 funditus
639 803 883 863 delenda
908 806 1171 884 occupati
1212 812 1273 864 et
1313 813 1446 865 sunt
1483 812 1542 865 et
1580 807 1827 866 fuerunt.
1911 806 2030 865 Sed
2055 807 2105 865 si
2135 811 2209 865 14

172 894 457 951 contentio
486 893 752 970 quaedam
792 900 851 951 et
890 894 1241 971 comparatio
1282 896 1399 964 fiat,
1429 896 1634 974 quibus
1673 897 1980 974 plurimum
2005 896 2102 953 tri-

172 982 471 1041 buendum
497 982 571 1039 sit
596 981 776 1050 officii,
806 982 1089 1061 principes
1116 984 1228 1041 sint
1254 984 1440 1062 patria
1465 992 1525 1043 et
1551 992 1830 1063 parenteS,
1859 1003 2104 1064 quorum

169 1072 455 1131 beneficiis
496 1071 755 1129 maximis
793 1072 1029 1151 obligati
1064 1092 1296 1133 sumus:
1361 1074 1602 1153 proximi
1647 1074 1824 1143 liberi,
1868 1081 2102 1151 totaque

170 1161 397 1229 domus,
427 1180 562 1239 quae
606 1168 830 1239 spectat
868 1162 923 1219 in
962 1181 1067 1221 nos
1114 1163 1284 1232 solos,
1309 1182 1496 1241 neque
1523 1162 1678 1221 aliud
1703 1164 1887 1223 ullum
1913 1169 2105 1242 potest

169 1252 385 1310 habere
433 1250 795 1329 perfugium:
837 1250 1107 1329 deinceps
1153 1253 1300 1312 bene
1343 1252 1736 1311 convenientes
1784 1252 2100 1330 propinqui,

170 1341 515 1419 quibuscum
539 1339 853 1399 communis
882 1340 1053 1399 etiam
1096 1342 1328 1400 fortuna
1368 1340 1702 1419 plerumque
1729 1348 1833 1399 est.
1917 1342 2104 1411 Quam
2133 1347 2207 1403 1⁵

170 1432 243 1489 ob
280 1448 411 1489 rem
450 1429 767 1488 necessaria
805 1430 1081 1507 praesidia
1102 1431 1237 1489 vitae
1263 1430 1546 1489 debentur
1569 1431 1636 1489 iis
1669 1430 1930 1501 maxime,
1959 1449 2102 1509 quos

168 1527 299 1579 ante
342 1518 499 1578 dixi:
541 1518 660 1576 vita
696 1525 891 1577 autem
916 1519 1217 1598 victusque
1259 1520 1588 1589 communis,
1617 1520 1861 1589 consilia,
1889 1539 2100 1580 sermo-

169 1628 285 1677 neS,
316 1607 757 1676 cohortationes,
787 1608 1215 1678 consolationeS‚
1243 1608 1528 1669 interdum
1555 1610 1726 1669 etiam
1752 1612 2102 1691 objurgatio-

167 1718 266 1757 nes
292 1699 357 1756 in
383 1696 639 1755 amicitiis
666 1696 861 1775 vigent
885 1698 1161 1757 maxime:
1204 1705 1406 1776 estque
1433 1718 1502 1758 ea
1521 1700 1934 1780 jucundissima
1959 1701 2098 1761 ami-

170 1788 317 1857 citia,
349 1804 525 1866 quam
550 1786 857 1846 similitudo
882 1806 1109 1847 morum
1132 1788 1478 1869 conjugavit.

244 1966 480 2025 XVIII.
522 1964 641 2024 Sed
658 1964 717 2023 in
735 1963 823 2023 his
840 1966 1101 2026 omnibus
1116 1966 1310 2027 officiis
1324 1968 1638 2029 tribuendis
1651 1968 1960 2028 videndum
1975 1968 2100 2038 erit,

168 2057 306 2136 quid
352 2056 557 2136 cuique
599 2053 845 2114 maxime
888 2074 1119 2116 necesse
1166 2058 1257 2127 sit,
1297 2064 1357 2117 et
1394 2058 1532 2136 quid
1575 2057 1814 2137 quisque
1851 2058 1945 2117 vel
1983 2058 2104 2117 sine

168 2147 333 2208 nobis
380 2153 485 2204 aut
531 2143 712 2224 possit
754 2147 1037 2224 consequi,
1066 2153 1167 2206 aut
1212 2167 1328 2206 non
1368 2147 1566 2226 possit.
1647 2147 1742 2206 Ita
1779 2165 1894 2205 non
1931 2147 2102 2207 iidem
2130 2153 2166 2208 2

168 2243 339 2296 erunt
364 2233 843 2296 necessitudinum
869 2237 1103 2314 graduS,
1126 2236 1227 2314 qui
1251 2244 1607 2316 temporum:
1633 2243 1880 2314 suntque
1903 2237 2101 2308 officia,

168 2347 301 2405 quae
352 2326 477 2384 aliis
522 2327 723 2404 magis,
768 2345 941 2404 quam
986 2327 1111 2384 aliis
1156 2326 1510 2388 debeantur:
1551 2333 1619 2384 ut
1655 2326 1900 2386 vicinum
1939 2326 2103 2386 citius

168 2416 463 2495 adjuveris
508 2415 567 2473 in
605 2417 885 2476 fructibus
928 2415 1321 2494 percipiendiS,
1351 2434 1524 2493 quam
1563 2421 1667 2474 aut
1709 2416 1959 2486 fratrem,
2001 2423 2106 2476 aut

166 2507 525 2573 familiarem,
566 2512 645 2576 at,
678 2506 741 2566 si
784 2507 853 2565 lis
898 2507 958 2566 in
996 2505 1211 2584 judicio
1255 2505 1346 2574 sit,
1389 2504 1769 2584 propinquum
1811 2507 2002 2586 potius
2043 2512 2104 2566 et

167 2597 439 2664 amicum,
468 2613 641 2672 quam
666 2596 911 2654 vicinum
936 2594 1272 2653 defenderis,

245 2685 403 2744 Haec
446 2684 621 2763 igitur
658 2691 720 2743 et
756 2684 893 2744 talia
932 2683 1440 2762 circumspicienda
1464 2691 1598 2744 sunt
1636 2684 1696 2743 in
1721 2685 1874 2744 omni
1898 2683 2098 2754 officio,
2129 2691 2168 2744 3

167 2783 227 2834 et
253 2773 618 2834 consuetudo
642 2775 1081 2852 exercitatioque
1109 2772 1404 2852 capienda,
1424 2781 1494 2833 ut
1518 2774 1654 2833 boni
1679 2775 2104 2833 ratiocinatores

166 2865 488 2924 officiorum
527 2883 654 2923 esse·
692 2866 990 2944 possimus,
1020 2872 1081 2923 et
1106 2864 1371 2923 addendo
1405 2864 1867 2942 ‚deducendoque
1891 2864 2102 2932 videre,

166 2973 305 3033 quae
350 2953 551 3032 reliqui
588 2973 811 3013 summa
836 2955 971 3015 fiat:
1014 2973 1086 3018 ex
1112 2972 1243 3030 quo,
1274 2960 1552 3032 quantum
1577 2953 1779 3030 cuique
1808 2952 2100 3020 debeatur,

167 3043 482 3123 intelligas.
564 3043 683 3102 Sed
708 3050 777 3102 ut
802 3063 905 3102 nee
944 3043 1149 3102 medici
1172 3061 1278 3101 nec
1304 3043 1673 3122 imperatores
1699 3059 1806 3099 nec
1833 3046 2104 3112 oratoreS,
2132 3047 2171 3102 4

166 3133 433 3212 quamvis
460 3131 599 3190 artis
637 3139 931 3211 praecepta
970 3132 1342 3213 perceperint,
1371 3132 1675 3210 quicquam
1701 3149 1910 3210 magna
1932 3131 2106 3192 laude

170 3225 421 3302 dignum
448 3221 570 3280 sine
596 3241 709 3280 usu
734 3229 795 3280 et
821 3221 1216 3281 exercitatione
1238 3221 1508 3299 consequi
1534 3227 1804 3299 possunt:
1833 3221 1912 3282 sic
1939 3222 2106 3281 officii

170 3309 547 3372 conservandi
573 3317 865 3389 praecepta
890 3310 1197 3370 traduntur
1220 3310 1320 3374 illa
1344 3310 1589 3388 quidem,
1611 3318 1678 3370 ut
1695 3311 1976 3370 facimus
1959 3312 2102 3389 ipsi:

170 3403 272 3461 sed
298 3402 384 3460 rei
408 3400 749 3479 magnitudo
768 3420 939 3458 usum
956 3419 1186 3479 quoque
1212 3399 1778 3478 exercitationemque
1799 3399 2100 3458 desiderat.

168 3493 371 3568 Atque
420 3489 497 3547 ab
544 3489 611 3546 iis
655 3490 847 3557 rebuS‚
876 3508 1004 3567 qnae
1045 3495 1179 3548 sunt
1222 3489 1284 3548 in
1319 3489 1450 3566 jure
1489 3490 1774 3548 societatis
1812 3479 2102 3556 humanas,
2131 3497 2171 3550 ὅ

166 3576 661 3658 quemadmodum
679 3577 923 3637 ducatur
948 3579 1267 3648 honestum,
1289 3597 1360 3637 ex
1379 3597 1494 3659 quo
1513 3584 1714 3658 aptum
1733 3584 1822 3636 est
1840 3574 2104 3646 officium,

164 3669 308 3730 satis
333 3668 459 3728 fere
484 3661 747 3728 diximus.
