<?xml version="1.0" encoding="UTF-8"?>
<!DOCTYPE html PUBLIC "-//W3C//DTD XHTML 1.0 Transitional//EN"
    "http://www.w3.org/TR/xhtml1/DTD/xhtml1-transitional.dtd">
<html xmlns="http://www.w3.org/1999/xhtml" xml:lang="en" lang="en">
 <head>
  <title>
</title>
<meta http-equiv="Content-Type" content="text/html;charset=utf-8" />
  <meta name='ocr-system' content='tesseract 3.04.00' />
  <meta name='ocr-capabilities' content='ocr_page ocr_carea ocr_par ocr_line ocrx_word'/>
</head>
<body>
  <div class='ocr_page' id='page_1' title='image "./mtulliciceronis00unkngoog_0045.png"; bbox 0 0 2484 4175; ppageno 0'>
   <div class='ocr_carea' id='block_1_1' title="bbox 829 311 2161 372">
    <p class='ocr_par' dir='ltr' id='par_1_1' title="bbox 829 311 2161 372">
     <span class='ocr_line' id='line_1_1' title="bbox 829 311 2161 372; baseline 0.001 -3"><span class='ocrx_word' id='word_1_1' title='bbox 829 328 1068 372; x_wconf 73' lang='lat' dir='ltr'><strong>mur.</strong></span> <span class='ocrx_word' id='word_1_2' title='bbox 1147 327 1281 372; x_wconf 61' lang='lat' dir='ltr'><strong>aar.</strong></span> <span class='ocrx_word' id='word_1_3' title='bbox 1310 328 1427 372; x_wconf 84' lang='lat' dir='ltr'><strong>m.</strong></span> <span class='ocrx_word' id='word_1_4' title='bbox 2082 311 2161 370; x_wconf 71' lang='lat'><strong>20</strong></span> 
     </span>
    </p>
   </div>
   <div class='ocr_carea' id='block_1_2' title="bbox 37 453 2121 726">
    <p class='ocr_par' dir='ltr' id='par_1_2' title="bbox 37 453 2121 725">
     <span class='ocr_line' id='line_1_2' title="bbox 122 453 2059 550; baseline -0.001 -34"><span class='ocrx_word' id='word_1_5' title='bbox 122 455 240 538; x_wconf 75' lang='lat' dir='ltr'><strong>vita</strong></span> <span class='ocrx_word' id='word_1_6' title='bbox 265 462 360 515; x_wconf 86' lang='lat' dir='ltr'><strong>est</strong></span> <span class='ocrx_word' id='word_1_7' title='bbox 385 456 733 526; x_wconf 73' lang='lat' dir='ltr'><strong>otiosorum:</strong></span> <span class='ocrx_word' id='word_1_8' title='bbox 771 457 1116 518; x_wconf 75' lang='lat' dir='ltr'><strong>fructuosior</strong></span> <span class='ocrx_word' id='word_1_9' title='bbox 1139 465 1343 550; x_wconf 75' lang='lat' dir='ltr'><strong>autem</strong></span> <span class='ocrx_word' id='word_1_10' title='bbox 1360 457 1653 541; x_wconf 80' lang='lat' dir='ltr'><strong>hominum</strong></span> <span class='ocrx_word' id='word_1_11' title='bbox 1679 455 1875 537; x_wconf 83' lang='lat' dir='ltr'><strong>generi</strong></span> <span class='ocrx_word' id='word_1_12' title='bbox 1894 461 1957 516; x_wconf 89' lang='lat' dir='ltr'><strong>et</strong></span> <span class='ocrx_word' id='word_1_13' title='bbox 1980 453 2059 514; x_wconf 85' lang='lat' dir='ltr'><strong>ad</strong></span> 
     </span>
     <span class='ocr_line' id='line_1_3' title="bbox 37 535 2057 626; baseline 0 -22"><span class='ocrx_word' id='word_1_14' title='bbox 37 591 44 596; x_wconf 88' lang='lat'><strong>.</strong></span> <span class='ocrx_word' id='word_1_15' title='bbox 123 539 446 604; x_wconf 70' lang='lat' dir='ltr'><strong>claritatem</strong></span> <span class='ocrx_word' id='word_1_16' title='bbox 482 546 1026 626; x_wconf 76' lang='lat' dir='ltr'><strong>amplitudinemque</strong></span> <span class='ocrx_word' id='word_1_17' title='bbox 1071 535 1267 626; x_wconf 75' lang='lat' dir='ltr'><strong>aptior</strong></span> <span class='ocrx_word' id='word_1_18' title='bbox 1310 567 1525 616; x_wconf 87' lang='lat' dir='ltr'><strong>eorum,</strong></span> <span class='ocrx_word' id='word_1_19' title='bbox 1566 548 1665 626; x_wconf 90' lang='lat' dir='ltr'><strong>qui</strong></span> <span class='ocrx_word' id='word_1_20' title='bbox 1710 567 1773 606; x_wconf 83' lang='lat' dir='ltr'><strong>se</strong></span> <span class='ocrx_word' id='word_1_21' title='bbox 1819 547 1894 605; x_wconf 89' lang='lat' dir='ltr'><strong>ad</strong></span> <span class='ocrx_word' id='word_1_22' title='bbox 1933 565 2057 604; x_wconf 86' lang='lat' dir='ltr'><strong>rem</strong></span> 
     </span>
     <span class='ocr_line' id='line_1_4' title="bbox 123 636 2121 726; baseline 0.001 -33"><span class='ocrx_word' id='word_1_23' title='bbox 123 636 416 714; x_wconf 80' lang='lat' dir='ltr'><strong>publicam</strong></span> <span class='ocrx_word' id='word_1_24' title='bbox 437 642 498 694; x_wconf 88' lang='lat' dir='ltr'><strong>et</strong></span> <span class='ocrx_word' id='word_1_25' title='bbox 516 636 590 694; x_wconf 87' lang='lat' dir='ltr'><strong>ad</strong></span> <span class='ocrx_word' id='word_1_26' title='bbox 610 655 850 715; x_wconf 87' lang='lat' dir='ltr'><strong>magnas</strong></span> <span class='ocrx_word' id='word_1_27' title='bbox 867 656 968 695; x_wconf 83' lang='lat' dir='ltr'><strong>res</strong></span> <span class='ocrx_word' id='word_1_28' title='bbox 975 637 1263 726; x_wconf 78' lang='lat' dir='ltr'><strong>gerendas</strong></span> <span class='ocrx_word' id='word_1_29' title='bbox 1272 637 1860 713; x_wconf 87' lang='lat' dir='ltr'><strong>accommodaverunt.</strong></span> <span class='ocrx_word' id='word_1_30' title='bbox 1904 636 2055 707; x_wconf 81' lang='lat' dir='ltr'><strong>Qua·</strong></span> <span class='ocrx_word' id='word_1_31' title='bbox 2082 641 2121 694; x_wconf 82' lang='lat'><em>8</em></span> 
     </span>
    </p>
   </div>
   <div class='ocr_carea' id='block_1_3' title="bbox 14 697 2057 918">
    <p class='ocr_par' dir='ltr' id='par_1_3' title="bbox 14 697 2057 894">
     <span class='ocr_line' id='line_1_5' title="bbox 14 697 2055 805; baseline 0 -24"><span class='ocrx_word' id='word_1_32' title='bbox 14 733 28 796; x_wconf 58' lang='lat' dir='ltr'><strong>{r</strong></span> <span class='ocrx_word' id='word_1_33' title='bbox 61 716 66 723; x_wconf 67' lang='lat'><em>‘</em></span> <span class='ocrx_word' id='word_1_34' title='bbox 123 732 368 803; x_wconf 89' lang='lat' dir='ltr'><strong>propter</strong></span> <span class='ocrx_word' id='word_1_35' title='bbox 411 732 472 782; x_wconf 91' lang='lat' dir='ltr'><strong>et</strong></span> <span class='ocrx_word' id='word_1_36' title='bbox 514 725 581 783; x_wconf 88' lang='lat' dir='ltr'><strong>iis</strong></span> <span class='ocrx_word' id='word_1_37' title='bbox 624 725 858 784; x_wconf 79' lang='lat' dir='ltr'><strong>forsitan</strong></span> <span class='ocrx_word' id='word_1_38' title='bbox 885 697 1337 785; x_wconf 78' lang='lat' dir='ltr'><strong>concedendum</strong></span> <span class='ocrx_word' id='word_1_39' title='bbox 1342 727 1431 785; x_wconf 77' lang='lat' dir='ltr'><strong>‘sit</strong></span> <span class='ocrx_word' id='word_1_40' title='bbox 1467 745 1588 785; x_wconf 87' lang='lat' dir='ltr'><strong>rem</strong></span> <span class='ocrx_word' id='word_1_41' title='bbox 1629 727 1916 805; x_wconf 79' lang='lat' dir='ltr'><strong>publicam</strong></span> <span class='ocrx_word' id='word_1_42' title='bbox 1942 744 2055 783; x_wconf 92' lang='lat' dir='ltr'><strong>non</strong></span> 
     </span>
     <span class='ocr_line' id='line_1_6' title="bbox 14 809 2057 918; baseline 0.001 -47"><span class='ocrx_word' id='word_1_43' title='bbox 14 837 17 842; x_wconf 61' lang='grc'><em>’</em></span> <span class='ocrx_word' id='word_1_44' title='bbox 126 809 574 892; x_wconf 72' lang='lat' dir='ltr'><strong>capessentibus,</strong></span> <span class='ocrx_word' id='word_1_45' title='bbox 603 816 702 918; x_wconf 89' lang='lat' dir='ltr'><strong>qui</strong></span> <span class='ocrx_word' id='word_1_46' title='bbox 745 815 1041 874; x_wconf 80' lang='lat' dir='ltr'><strong>excellenti</strong></span> <span class='ocrx_word' id='word_1_47' title='bbox 1085 815 1314 894; x_wconf 90' lang='lat' dir='ltr'><strong>ingenio</strong></span> <span class='ocrx_word' id='word_1_48' title='bbox 1350 817 1621 875; x_wconf 87' lang='lat' dir='ltr'><strong>doctrinae</strong></span> <span class='ocrx_word' id='word_1_49' title='bbox 1658 835 1781 875; x_wconf 86' lang='lat' dir='ltr'><strong>sese</strong></span> <span class='ocrx_word' id='word_1_50' title='bbox 1823 815 2057 876; x_wconf 90' lang='lat' dir='ltr'><strong>dedide-</strong></span> 
     </span>
    </p>
   </div>
   <div class='ocr_carea' id='block_1_4' title="bbox 109 904 2120 1611">
    <p class='ocr_par' dir='ltr' id='par_1_4' title="bbox 109 904 2120 1611">
     <span class='ocr_line' id='line_1_7' title="bbox 123 904 2055 988; baseline 0.002 -27"><span class='ocrx_word' id='word_1_51' title='bbox 123 910 292 962; x_wconf 83' lang='lat' dir='ltr'><strong>runt.</strong></span> <span class='ocrx_word' id='word_1_52' title='bbox 278 923 293 935; x_wconf 91' lang='lat'><strong>·</strong></span> <span class='ocrx_word' id='word_1_53' title='bbox 339 905 440 962; x_wconf 86' lang='lat' dir='ltr'><strong>et&#39;</strong></span> <span class='ocrx_word' id='word_1_54' title='bbox 424 904 508 972; x_wconf 73' lang='lat' dir='ltr'><strong>fis,</strong></span> <span class='ocrx_word' id='word_1_55' title='bbox 539 905 637 981; x_wconf 92' lang='lat' dir='ltr'><strong>qui</strong></span> <span class='ocrx_word' id='word_1_56' title='bbox 661 911 762 963; x_wconf 87' lang='lat' dir='ltr'><strong>aut</strong></span> <span class='ocrx_word' id='word_1_57' title='bbox 787 905 1126 964; x_wconf 84' lang='lat' dir='ltr'><strong>valetudinis</strong></span> <span class='ocrx_word' id='word_1_58' title='bbox 1162 906 1527 966; x_wconf 85' lang='lat' dir='ltr'><strong>imbecilitate</strong></span> <span class='ocrx_word' id='word_1_59' title='bbox 1564 913 1667 966; x_wconf 89' lang='lat' dir='ltr'><strong>aut</strong></span> <span class='ocrx_word' id='word_1_60' title='bbox 1700 907 1889 985; x_wconf 86' lang='lat' dir='ltr'><strong>aliqua</strong></span> <span class='ocrx_word' id='word_1_61' title='bbox 1924 924 2055 988; x_wconf 75' lang='lat' dir='ltr'><strong>gra·</strong></span> 
     </span>
     <span class='ocr_line' id='line_1_8' title="bbox 123 994 2053 1075; baseline 0.002 -23"><span class='ocrx_word' id='word_1_62' title='bbox 123 995 278 1054; x_wconf 84' lang='lat' dir='ltr'><strong>viore</strong></span> <span class='ocrx_word' id='word_1_63' title='bbox 307 1013 484 1052; x_wconf 88' lang='lat' dir='ltr'><strong>causa</strong></span> <span class='ocrx_word' id='word_1_64' title='bbox 508 994 766 1074; x_wconf 88' lang='lat' dir='ltr'><strong>impediti</strong></span> <span class='ocrx_word' id='word_1_65' title='bbox 803 1013 838 1051; x_wconf 87' lang='lat' dir='ltr'><strong>a</strong></span> <span class='ocrx_word' id='word_1_66' title='bbox 871 1013 936 1054; x_wconf 90' lang='lat' dir='ltr'><strong>re</strong></span> <span class='ocrx_word' id='word_1_67' title='bbox 979 995 1208 1074; x_wconf 86' lang='lat' dir='ltr'><strong>publica</strong></span> <span class='ocrx_word' id='word_1_68' title='bbox 1241 1004 1613 1064; x_wconf 86' lang='lat' dir='ltr'><strong>recesserunt,</strong></span> <span class='ocrx_word' id='word_1_69' title='bbox 1644 1017 1775 1054; x_wconf 89' lang='lat' dir='ltr'><strong>cum</strong></span> <span class='ocrx_word' id='word_1_70' title='bbox 1802 996 1927 1075; x_wconf 87' lang='lat' dir='ltr'><strong>ejus</strong></span> <span class='ocrx_word' id='word_1_71' title='bbox 1954 997 2053 1056; x_wconf 79' lang='lat' dir='ltr'><strong>ad.-</strong></span> 
     </span>
     <span class='ocr_line' id='line_1_9' title="bbox 125 1079 2119 1186; baseline 0.002 -46"><span class='ocrx_word' id='word_1_72' title='bbox 125 1083 514 1142; x_wconf 85' lang='lat' dir='ltr'><strong>ministrandae</strong></span> <span class='ocrx_word' id='word_1_73' title='bbox 540 1089 892 1186; x_wconf 79' lang='lat' dir='ltr'><strong>potestatem</strong></span> <span class='ocrx_word' id='word_1_74' title='bbox 913 1085 1036 1144; x_wconf 86' lang='lat' dir='ltr'><strong>aliis</strong></span> <span class='ocrx_word' id='word_1_75' title='bbox 1075 1085 1419 1164; x_wconf 86' lang='lat' dir='ltr'><strong>laudemque</strong></span> <span class='ocrx_word' id='word_1_76' title='bbox 1448 1079 1839 1145; x_wconf 83' lang='lat' dir='ltr'><strong>concederent.</strong></span> <span class='ocrx_word' id='word_1_77' title='bbox 1920 1086 2053 1156; x_wconf 58' lang='grc' dir='ltr'>Ωιι-</span> <span class='ocrx_word' id='word_1_78' title='bbox 2081 1091 2119 1145; x_wconf 82' lang='grc'><strong>4</strong></span> 
     </span>
     <span class='ocr_line' id='line_1_10' title="bbox 109 1157 2057 1258; baseline 0.002 -28"><span class='ocrx_word' id='word_1_79' title='bbox 109 1173 254 1256; x_wconf 19' lang='lat' dir='ltr'><strong>(bus</strong></span> <span class='ocrx_word' id='word_1_80' title='bbox 259 1180 469 1258; x_wconf 62' lang='lat' dir='ltr'><strong>autern</strong></span> <span class='ocrx_word' id='word_1_81' title='bbox 485 1173 614 1232; x_wconf 86' lang='lat' dir='ltr'><strong>talis</strong></span> <span class='ocrx_word' id='word_1_82' title='bbox 641 1173 798 1232; x_wconf 80' lang='lat' dir='ltr'><strong>nulla</strong></span> <span class='ocrx_word' id='word_1_83' title='bbox 818 1157 898 1232; x_wconf 81' lang='lat' dir='ltr'><strong>sit</strong></span> <span class='ocrx_word' id='word_1_84' title='bbox 921 1190 1114 1244; x_wconf 84' lang='lat' dir='ltr'><strong>causa,</strong></span> <span class='ocrx_word' id='word_1_85' title='bbox 1133 1175 1181 1233; x_wconf 91' lang='lat' dir='ltr'><strong>si</strong></span> <span class='ocrx_word' id='word_1_86' title='bbox 1203 1175 1495 1252; x_wconf 75' lang='lat' dir='ltr'><strong>despicere</strong></span> <span class='ocrx_word' id='word_1_87' title='bbox 1521 1193 1583 1233; x_wconf 87' lang='lat' dir='ltr'><strong>se</strong></span> <span class='ocrx_word' id='word_1_88' title='bbox 1610 1175 1801 1233; x_wconf 90' lang='lat' dir='ltr'><strong>dicant</strong></span> <span class='ocrx_word' id='word_1_89' title='bbox 1819 1193 1903 1244; x_wconf 84' lang='lat' dir='ltr'><strong>ea,</strong></span> <span class='ocrx_word' id='word_1_90' title='bbox 1924 1193 2057 1252; x_wconf 77' lang='lat' dir='ltr'><strong>quae</strong></span> 
     </span>
     <span class='ocr_line' id='line_1_11' title="bbox 126 1242 2057 1344; baseline 0.002 -24"><span class='ocrx_word' id='word_1_91' title='bbox 126 1242 384 1340; x_wconf 71' lang='lat' dir='ltr'><strong>plez-{que</strong></span> <span class='ocrx_word' id='word_1_92' title='bbox 421 1263 714 1332; x_wconf 86' lang='lat' dir='ltr'><strong>mirentur,</strong></span> <span class='ocrx_word' id='word_1_93' title='bbox 743 1263 984 1342; x_wconf 88' lang='lat' dir='ltr'><strong>imperia</strong></span> <span class='ocrx_word' id='word_1_94' title='bbox 1011 1271 1071 1322; x_wconf 89' lang='lat' dir='ltr'><strong>et</strong></span> <span class='ocrx_word' id='word_1_95' title='bbox 1097 1265 1483 1344; x_wconf 80' lang='lat' dir='ltr'><strong>magistratus,</strong></span> <span class='ocrx_word' id='word_1_96' title='bbox 1510 1263 1577 1322; x_wconf 85' lang='lat' dir='ltr'><strong>iis</strong></span> <span class='ocrx_word' id='word_1_97' title='bbox 1602 1282 1717 1323; x_wconf 90' lang='lat' dir='ltr'><strong>non</strong></span> <span class='ocrx_word' id='word_1_98' title='bbox 1744 1264 1917 1323; x_wconf 89' lang='lat' dir='ltr'><strong>modo</strong></span> <span class='ocrx_word' id='word_1_99' title='bbox 1942 1283 2057 1324; x_wconf 89' lang='lat' dir='ltr'><strong>non</strong></span> 
     </span>
     <span class='ocr_line' id='line_1_12' title="bbox 125 1350 2120 1442; baseline 0.002 -32"><span class='ocrx_word' id='word_1_100' title='bbox 125 1353 299 1422; x_wconf 88' lang='lat' dir='ltr'><strong>laudi,</strong></span> <span class='ocrx_word' id='word_1_101' title='bbox 332 1371 532 1412; x_wconf 89' lang='lat' dir='ltr'><strong>verum</strong></span> <span class='ocrx_word' id='word_1_102' title='bbox 571 1353 743 1411; x_wconf 86' lang='lat' dir='ltr'><strong>etiam</strong></span> <span class='ocrx_word' id='word_1_103' title='bbox 768 1350 904 1412; x_wconf 82' lang='lat' dir='ltr'><strong>vitio</strong></span> <span class='ocrx_word' id='word_1_104' title='bbox 945 1353 1200 1412; x_wconf 89' lang='lat' dir='ltr'><strong>dandum</strong></span> <span class='ocrx_word' id='word_1_105' title='bbox 1238 1359 1401 1432; x_wconf 88' lang='lat' dir='ltr'><strong>puto.</strong></span> <span class='ocrx_word' id='word_1_106' title='bbox 1481 1352 1739 1424; x_wconf 81' lang='lat' dir='ltr'><strong>Quorum</strong></span> <span class='ocrx_word' id='word_1_107' title='bbox 1775 1353 2055 1442; x_wconf 86' lang='lat' dir='ltr'><strong>judicium</strong></span> <span class='ocrx_word' id='word_1_108' title='bbox 2082 1362 2120 1415; x_wconf 80' lang='lat'>5</span> 
     </span>
     <span class='ocr_line' id='line_1_13' title="bbox 128 1443 2054 1524; baseline 0.002 -24"><span class='ocrx_word' id='word_1_109' title='bbox 128 1443 184 1500; x_wconf 90' lang='lat' dir='ltr'><strong>in</strong></span> <span class='ocrx_word' id='word_1_110' title='bbox 207 1461 294 1510; x_wconf 90' lang='lat' dir='ltr'><strong>eo,</strong></span> <span class='ocrx_word' id='word_1_111' title='bbox 325 1443 484 1520; x_wconf 88' lang='lat' dir='ltr'><strong>quod</strong></span> <span class='ocrx_word' id='word_1_112' title='bbox 511 1443 752 1522; x_wconf 83' lang='lat' dir='ltr'><strong>gloriam</strong></span> <span class='ocrx_word' id='word_1_113' title='bbox 779 1450 1146 1502; x_wconf 88' lang='lat' dir='ltr'><strong>contemnant</strong></span> <span class='ocrx_word' id='word_1_114' title='bbox 1171 1451 1231 1502; x_wconf 89' lang='lat' dir='ltr'><strong>et</strong></span> <span class='ocrx_word' id='word_1_115' title='bbox 1257 1463 1366 1522; x_wconf 91' lang='lat' dir='ltr'><strong>pro</strong></span> <span class='ocrx_word' id='word_1_116' title='bbox 1389 1443 1561 1503; x_wconf 89' lang='lat' dir='ltr'><strong>nihilo</strong></span> <span class='ocrx_word' id='word_1_117' title='bbox 1588 1450 1811 1524; x_wconf 90' lang='lat' dir='ltr'><strong>putent,</strong></span> <span class='ocrx_word' id='word_1_118' title='bbox 1832 1443 2054 1504; x_wconf 87' lang='lat' dir='ltr'><strong>difficile</strong></span> 
     </span>
     <span class='ocr_line' id='line_1_14' title="bbox 129 1533 2057 1611; baseline 0.002 -21"><span class='ocrx_word' id='word_1_119' title='bbox 129 1533 285 1590; x_wconf 82' lang='lat' dir='ltr'><strong>factu</strong></span> <span class='ocrx_word' id='word_1_120' title='bbox 305 1539 397 1590; x_wconf 89' lang='lat' dir='ltr'><strong>est</strong></span> <span class='ocrx_word' id='word_1_121' title='bbox 422 1551 539 1591; x_wconf 88' lang='lat' dir='ltr'><strong>non</strong></span> <span class='ocrx_word' id='word_1_122' title='bbox 565 1534 836 1611; x_wconf 87' lang='lat' dir='ltr'><strong>probare:</strong></span> <span class='ocrx_word' id='word_1_123' title='bbox 868 1534 970 1592; x_wconf 87' lang='lat' dir='ltr'><strong>sed</strong></span> <span class='ocrx_word' id='word_1_124' title='bbox 987 1534 1255 1594; x_wconf 89' lang='lat' dir='ltr'><strong>videntur</strong></span> <span class='ocrx_word' id='word_1_125' title='bbox 1276 1534 1501 1593; x_wconf 85' lang='lat' dir='ltr'><strong>labores</strong></span> <span class='ocrx_word' id='word_1_126' title='bbox 1522 1542 1582 1594; x_wconf 91' lang='lat' dir='ltr'><strong>et</strong></span> <span class='ocrx_word' id='word_1_127' title='bbox 1607 1534 1912 1603; x_wconf 72' lang='lat' dir='ltr'><strong>molestiae,</strong></span> <span class='ocrx_word' id='word_1_128' title='bbox 1930 1542 2057 1594; x_wconf 88' lang='lat' dir='ltr'><strong>tum</strong></span> 
     </span>
    </p>
   </div>
   <div class='ocr_carea' id='block_1_5' title="bbox 2470 658 2474 1276">
    <p class='ocr_par' dir='ltr' id='par_1_5' title="bbox 2470 658 2474 1276">
     <span class='ocr_line' id='line_1_15' title="bbox 2470 658 2474 1276; baseline 0 0"><span class='ocrx_word' id='word_1_129' title='bbox 2470 658 2474 1276; x_wconf 95' lang='lat' dir='ltr'><strong> </strong></span> 
     </span>
    </p>
   </div>
   <div class='ocr_carea' id='block_1_6' title="bbox 129 1615 2472 1726">
    <p class='ocr_par' dir='ltr' id='par_1_6' title="bbox 129 1613 2472 1726">
     <span class='ocr_line' id='line_1_16' title="bbox 129 1615 2472 1726; baseline -0.001 -46"><span class='ocrx_word' id='word_1_130' title='bbox 129 1623 503 1681; x_wconf 84' lang='lat' dir='ltr'><strong>offensionum</strong></span> <span class='ocrx_word' id='word_1_131' title='bbox 521 1630 581 1682; x_wconf 90' lang='lat' dir='ltr'><strong>et</strong></span> <span class='ocrx_word' id='word_1_132' title='bbox 599 1623 956 1702; x_wconf 85' lang='lat' dir='ltr'><strong>repulsarum</strong></span> <span class='ocrx_word' id='word_1_133' title='bbox 975 1623 1137 1726; x_wconf 77' lang='lat' dir='ltr'><strong>quasi</strong></span> <span class='ocrx_word' id='word_1_134' title='bbox 1163 1624 1491 1703; x_wconf 84' lang='lat' dir='ltr'><strong>quandam</strong></span> <span class='ocrx_word' id='word_1_135' title='bbox 1474 1625 1837 1704; x_wconf 77' lang='lat' dir='ltr'><strong>ignominiam</strong></span> <span class='ocrx_word' id='word_1_136' title='bbox 1856 1624 2056 1684; x_wconf 89' lang='lat' dir='ltr'><strong>timere</strong></span> <span class='ocrx_word' id='word_1_137' title='bbox 2098 1615 2137 1656; x_wconf 59' lang='lat' dir='ltr'><strong>,s</strong></span> <span class='ocrx_word' id='word_1_138' title='bbox 2146 1648 2154 1654; x_wconf 88' lang='lat'><strong>·</strong></span> <span class='ocrx_word' id='word_1_139' title='bbox 2174 1649 2197 1668; x_wconf 86' lang='lat'><strong>·‹</strong></span> <span class='ocrx_word' id='word_1_140' title='bbox 2218 1642 2233 1660; x_wconf 82' lang='lat'><strong><em>¹</em></strong></span> <span class='ocrx_word' id='word_1_141' title='bbox 2329 1633 2351 1654; x_wconf 63' lang='lat'><strong>‘¹</strong></span> <span class='ocrx_word' id='word_1_142' title='bbox 2394 1628 2421 1650; x_wconf 83' lang='lat'><strong>·‘&#39;</strong></span> <span class='ocrx_word' id='word_1_143' title='bbox 2470 1685 2472 1692; x_wconf 26' lang='grc' dir='ltr'>Ι</span> 
     </span>
    </p>
   </div>
   <div class='ocr_carea' id='block_1_7' title="bbox 125 1712 2179 3579">
    <p class='ocr_par' dir='ltr' id='par_1_7' title="bbox 125 1712 2124 2604">
     <span class='ocr_line' id='line_1_17' title="bbox 129 1712 2122 1794; baseline 0.001 -23"><span class='ocrx_word' id='word_1_144' title='bbox 129 1721 186 1772; x_wconf 89' lang='lat' dir='ltr'><strong>et</strong></span> <span class='ocrx_word' id='word_1_145' title='bbox 222 1713 532 1771; x_wconf 79' lang='lat' dir='ltr'><strong>infamiam.</strong></span> <span class='ocrx_word' id='word_1_146' title='bbox 614 1712 764 1772; x_wconf 84' lang='lat' dir='ltr'><strong>Sunt</strong></span> <span class='ocrx_word' id='word_1_147' title='bbox 792 1714 958 1782; x_wconf 89' lang='lat' dir='ltr'><strong>enim,</strong></span> <span class='ocrx_word' id='word_1_148' title='bbox 989 1713 1085 1792; x_wconf 90' lang='lat' dir='ltr'><strong>qui</strong></span> <span class='ocrx_word' id='word_1_149' title='bbox 1111 1714 1168 1772; x_wconf 89' lang='lat' dir='ltr'><strong>in</strong></span> <span class='ocrx_word' id='word_1_150' title='bbox 1192 1716 1367 1775; x_wconf 87' lang='lat' dir='ltr'><strong>rebus</strong></span> <span class='ocrx_word' id='word_1_151' title='bbox 1392 1716 1681 1774; x_wconf 84' lang='lat' dir='ltr'><strong>contrariis</strong></span> <span class='ocrx_word' id='word_1_152' title='bbox 1720 1735 1925 1794; x_wconf 85' lang='lat' dir='ltr'><strong>parum</strong></span> <span class='ocrx_word' id='word_1_153' title='bbox 1950 1714 2059 1775; x_wconf 88' lang='lat' dir='ltr'><strong>sibi</strong></span> <span class='ocrx_word' id='word_1_154' title='bbox 2083 1718 2122 1773; x_wconf 81' lang='lat'><strong>6</strong></span> 
     </span>
     <span class='ocr_line' id='line_1_18' title="bbox 125 1803 2059 1884; baseline 0.001 -22"><span class='ocrx_word' id='word_1_155' title='bbox 125 1810 424 1884; x_wconf 82' lang='lat' dir='ltr'><strong>constent:</strong></span> <span class='ocrx_word' id='word_1_156' title='bbox 468 1803 822 1882; x_wconf 83' lang='lat' dir='ltr'><strong>voluptatem</strong></span> <span class='ocrx_word' id='word_1_157' title='bbox 849 1805 1198 1862; x_wconf 84' lang='lat' dir='ltr'><strong>severissime</strong></span> <span class='ocrx_word' id='word_1_158' title='bbox 1227 1811 1609 1875; x_wconf 81' lang='lat' dir='ltr'><strong>contemnant,</strong></span> <span class='ocrx_word' id='word_1_159' title='bbox 1637 1806 1695 1863; x_wconf 88' lang='lat' dir='ltr'><strong>in</strong></span> <span class='ocrx_word' id='word_1_160' title='bbox 1722 1806 1917 1864; x_wconf 90' lang='lat' dir='ltr'><strong>dolore</strong></span> <span class='ocrx_word' id='word_1_161' title='bbox 1944 1804 2059 1863; x_wconf 88' lang='lat' dir='ltr'><strong>sint</strong></span> 
     </span>
     <span class='ocr_line' id='line_1_19' title="bbox 127 1877 2059 1998; baseline -0.001 -44"><span class='ocrx_word' id='word_1_162' title='bbox 127 1877 448 1967; x_wconf 79' lang='lat' dir='ltr'><strong>molliores:</strong></span> <span class='ocrx_word' id='word_1_163' title='bbox 490 1893 731 1973; x_wconf 83' lang='lat' dir='ltr'><strong>gloriam</strong></span> <span class='ocrx_word' id='word_1_164' title='bbox 769 1894 1084 1973; x_wconf 85' lang='lat' dir='ltr'><strong>negligant,</strong></span> <span class='ocrx_word' id='word_1_165' title='bbox 1110 1889 1447 1998; x_wconf 75' lang='lat' dir='ltr'><strong>frangantur</strong></span> <span class='ocrx_word' id='word_1_166' title='bbox 1484 1895 1747 1953; x_wconf 84' lang='lat' dir='ltr'><strong>infamia.</strong></span> <span class='ocrx_word' id='word_1_167' title='bbox 1789 1900 1961 1973; x_wconf 84' lang='lat' dir='ltr'><strong>atque</strong></span> <span class='ocrx_word' id='word_1_168' title='bbox 1988 1911 2059 1952; x_wconf 88' lang='lat' dir='ltr'><strong>ea</strong></span> 
     </span>
     <span class='ocr_line' id='line_1_20' title="bbox 127 1975 2061 2072; baseline 0.001 -32"><span class='ocrx_word' id='word_1_169' title='bbox 127 1975 361 2071; x_wconf 61' lang='lat' dir='ltr'><strong>quidem</strong></span> <span class='ocrx_word' id='word_1_170' title='bbox 399 2003 522 2072; x_wconf 69' lang='lat' dir='ltr'><strong>non</strong></span> <span class='ocrx_word' id='word_1_171' title='bbox 541 1983 678 2043; x_wconf 87' lang='lat' dir='ltr'><strong>satis</strong></span> <span class='ocrx_word' id='word_1_172' title='bbox 714 1991 1052 2042; x_wconf 83' lang='lat' dir='ltr'><strong>constanter.</strong></span> <span class='ocrx_word' id='word_1_173' title='bbox 1135 1977 1321 2042; x_wconf 56' lang='lat' dir='ltr'><strong>Sed*</strong></span> <span class='ocrx_word' id='word_1_174' title='bbox 1276 2003 1361 2052; x_wconf 83' lang='lat' dir='ltr'><strong>ns,</strong></span> <span class='ocrx_word' id='word_1_175' title='bbox 1392 1985 1490 2062; x_wconf 90' lang='lat' dir='ltr'><strong>qui</strong></span> <span class='ocrx_word' id='word_1_176' title='bbox 1528 1983 1741 2042; x_wconf 85' lang='lat' dir='ltr'><strong>habent</strong></span> <span class='ocrx_word' id='word_1_177' title='bbox 1782 2003 1818 2041; x_wconf 89' lang='lat' dir='ltr'><strong>a</strong></span> <span class='ocrx_word' id='word_1_178' title='bbox 1854 1990 2061 2042; x_wconf 85' lang='lat' dir='ltr'><strong>natura</strong></span> 
     </span>
     <span class='ocr_line' id='line_1_21' title="bbox 128 2051 2058 2154; baseline 0 -23"><span class='ocrx_word' id='word_1_179' title='bbox 128 2056 466 2152; x_wconf 79' lang='lat' dir='ltr'><strong>adjumenta</strong></span> <span class='ocrx_word' id='word_1_180' title='bbox 487 2093 680 2133; x_wconf 90' lang='lat' dir='ltr'><strong>rerum</strong></span> <span class='ocrx_word' id='word_1_181' title='bbox 706 2074 1104 2154; x_wconf 88' lang='lat' dir='ltr'><strong>gerendarum,</strong></span> <span class='ocrx_word' id='word_1_182' title='bbox 1127 2073 1357 2153; x_wconf 85' lang='lat' dir='ltr'><strong>abjecta</strong></span> <span class='ocrx_word' id='word_1_183' title='bbox 1382 2073 1535 2132; x_wconf 89' lang='lat' dir='ltr'><strong>omni</strong></span> <span class='ocrx_word' id='word_1_184' title='bbox 1562 2051 1939 2141; x_wconf 83' lang='lat' dir='ltr'><strong>cunctatione,</strong></span> <span class='ocrx_word' id='word_1_185' title='bbox 1958 2071 2058 2131; x_wconf 78' lang='lat' dir='ltr'><strong>ad-</strong></span> 
     </span>
     <span class='ocr_line' id='line_1_22' title="bbox 127 2156 2061 2244; baseline -0.001 -22"><span class='ocrx_word' id='word_1_186' title='bbox 127 2156 410 2241; x_wconf 79' lang='lat' dir='ltr'><strong>ipiscendi</strong></span> <span class='ocrx_word' id='word_1_187' title='bbox 433 2164 802 2243; x_wconf 82' lang='lat' dir='ltr'><strong>magistratus</strong></span> <span class='ocrx_word' id='word_1_188' title='bbox 831 2172 890 2223; x_wconf 88' lang='lat' dir='ltr'><strong>et</strong></span> <span class='ocrx_word' id='word_1_189' title='bbox 915 2164 1168 2244; x_wconf 88' lang='lat' dir='ltr'><strong>gerenda</strong></span> <span class='ocrx_word' id='word_1_190' title='bbox 1193 2182 1287 2223; x_wconf 87' lang='lat' dir='ltr'><strong>res</strong></span> <span class='ocrx_word' id='word_1_191' title='bbox 1313 2163 1543 2242; x_wconf 87' lang='lat' dir='ltr'><strong>publica</strong></span> <span class='ocrx_word' id='word_1_192' title='bbox 1570 2168 1675 2221; x_wconf 82' lang='lat' dir='ltr'><strong>est.</strong></span> <span class='ocrx_word' id='word_1_193' title='bbox 1756 2162 1881 2221; x_wconf 82' lang='lat' dir='ltr'><strong>Nec</strong></span> <span class='ocrx_word' id='word_1_194' title='bbox 1910 2162 2061 2221; x_wconf 88' lang='lat' dir='ltr'><strong>enim</strong></span> 
     </span>
     <span class='ocr_line' id='line_1_23' title="bbox 127 2251 2060 2333; baseline -0.001 -20"><span class='ocrx_word' id='word_1_195' title='bbox 127 2254 292 2329; x_wconf 64' lang='lat' dir='ltr'><strong>aliter</strong></span> <span class='ocrx_word' id='word_1_196' title='bbox 315 2260 422 2311; x_wconf 89' lang='lat' dir='ltr'><strong>aut</strong></span> <span class='ocrx_word' id='word_1_197' title='bbox 447 2254 572 2333; x_wconf 89' lang='lat' dir='ltr'><strong>regi</strong></span> <span class='ocrx_word' id='word_1_198' title='bbox 600 2254 812 2322; x_wconf 78' lang='lat' dir='ltr'><strong>civitaS,</strong></span> <span class='ocrx_word' id='word_1_199' title='bbox 841 2261 944 2313; x_wconf 90' lang='lat' dir='ltr'><strong>aut</strong></span> <span class='ocrx_word' id='word_1_200' title='bbox 972 2254 1247 2313; x_wconf 85' lang='lat' dir='ltr'><strong>declarari</strong></span> <span class='ocrx_word' id='word_1_201' title='bbox 1282 2253 1453 2313; x_wconf 87' lang='lat' dir='ltr'><strong>animi</strong></span> <span class='ocrx_word' id='word_1_202' title='bbox 1477 2251 1813 2333; x_wconf 87' lang='lat' dir='ltr'><strong>magnitudo</strong></span> <span class='ocrx_word' id='word_1_203' title='bbox 1850 2259 2060 2332; x_wconf 85' lang='lat' dir='ltr'><strong>potest.</strong></span> 
     </span>
     <span class='ocr_line' id='line_1_24' title="bbox 131 2342 2124 2435; baseline 0.001 -34"><span class='ocrx_word' id='word_1_204' title='bbox 131 2344 606 2429; x_wconf 79' lang='lat' dir='ltr'><strong>Capessentibus</strong></span> <span class='ocrx_word' id='word_1_205' title='bbox 605 2352 798 2435; x_wconf 75' lang='lat' dir='ltr'><strong>autem</strong></span> <span class='ocrx_word' id='word_1_206' title='bbox 825 2363 946 2430; x_wconf 79' lang='lat' dir='ltr'><strong>rem</strong></span> <span class='ocrx_word' id='word_1_207' title='bbox 986 2344 1277 2422; x_wconf 88' lang='lat' dir='ltr'><strong>publicam</strong></span> <span class='ocrx_word' id='word_1_208' title='bbox 1314 2344 1453 2403; x_wconf 88' lang='lat' dir='ltr'><strong>nihil</strong></span> <span class='ocrx_word' id='word_1_209' title='bbox 1494 2343 1693 2411; x_wconf 87' lang='lat' dir='ltr'><strong>minus,</strong></span> <span class='ocrx_word' id='word_1_210' title='bbox 1724 2361 1895 2421; x_wconf 87' lang='lat' dir='ltr'><strong>quam</strong></span> <span class='ocrx_word' id='word_1_211' title='bbox 1934 2342 2061 2421; x_wconf 84' lang='lat' dir='ltr'><strong>phi-</strong></span> <span class='ocrx_word' id='word_1_212' title='bbox 2088 2348 2124 2403; x_wconf 84' lang='grc'>8</span> 
     </span>
     <span class='ocr_line' id='line_1_25' title="bbox 127 2404 2059 2513; baseline -0.001 -21"><span class='ocrx_word' id='word_1_213' title='bbox 127 2433 400 2511; x_wconf 89' lang='lat' dir='ltr'><strong>Iosophis‚</strong></span> <span class='ocrx_word' id='word_1_214' title='bbox 413 2404 606 2493; x_wconf 51' lang='lat' dir='ltr'><strong>(haud</strong></span> <span class='ocrx_word' id='word_1_215' title='bbox 617 2418 787 2493; x_wconf 57' lang='lat' dir='ltr'><strong>sclo&#39;s&#39;</strong></span> <span class='ocrx_word' id='word_1_216' title='bbox 788 2430 876 2496; x_wconf 69' lang='lat' dir='ltr'><strong>an:</strong></span> <span class='ocrx_word' id='word_1_217' title='bbox 901 2434 1084 2513; x_wconf 87' lang='lat' dir='ltr'><strong>magis</strong></span> <span class='ocrx_word' id='word_1_218' title='bbox 1128 2434 1315 2503; x_wconf 87' lang='lat' dir='ltr'><strong>etiam,</strong></span> <span class='ocrx_word' id='word_1_219' title='bbox 1345 2440 1405 2491; x_wconf 91' lang='lat' dir='ltr'><strong>et</strong></span> <span class='ocrx_word' id='word_1_220' title='bbox 1428 2432 1847 2513; x_wconf 85' lang='lat' dir='ltr'><strong>magnificentia</strong></span> <span class='ocrx_word' id='word_1_221' title='bbox 1874 2437 1935 2491; x_wconf 90' lang='lat' dir='ltr'><strong>et</strong></span> <span class='ocrx_word' id='word_1_222' title='bbox 1960 2434 2059 2492; x_wconf 88' lang='lat' dir='ltr'><strong>de-</strong></span> 
     </span>
     <span class='ocr_line' id='line_1_26' title="bbox 129 2522 2058 2604; baseline 0 -21"><span class='ocrx_word' id='word_1_223' title='bbox 129 2524 426 2604; x_wconf 87' lang='lat' dir='ltr'><strong>spicientia</strong></span> <span class='ocrx_word' id='word_1_224' title='bbox 452 2523 776 2581; x_wconf 86' lang='lat' dir='ltr'><strong>adhibenda</strong></span> <span class='ocrx_word' id='word_1_225' title='bbox 801 2524 876 2581; x_wconf 86' lang='lat' dir='ltr'><strong>sit</strong></span> <span class='ocrx_word' id='word_1_226' title='bbox 899 2542 1090 2583; x_wconf 90' lang='lat' dir='ltr'><strong>rerum</strong></span> <span class='ocrx_word' id='word_1_227' title='bbox 1117 2524 1509 2593; x_wconf 89' lang='lat' dir='ltr'><strong>humanarum,</strong></span> <span class='ocrx_word' id='word_1_228' title='bbox 1532 2542 1708 2601; x_wconf 88' lang='lat' dir='ltr'><strong>quam</strong></span> <span class='ocrx_word' id='word_1_229' title='bbox 1736 2542 1891 2603; x_wconf 82' lang='lat' dir='ltr'><strong>soepe</strong></span> <span class='ocrx_word' id='word_1_230' title='bbox 1912 2522 2058 2593; x_wconf 73' lang='lat' dir='ltr'><strong>dict),</strong></span> 
     </span>
    </p>

    <p class='ocr_par' dir='ltr' id='par_1_8' title="bbox 129 2612 2127 2963">
     <span class='ocr_line' id='line_1_27' title="bbox 129 2612 2061 2691; baseline 0 -19"><span class='ocrx_word' id='word_1_231' title='bbox 129 2621 188 2673; x_wconf 90' lang='lat' dir='ltr'><strong>et</strong></span> <span class='ocrx_word' id='word_1_232' title='bbox 213 2613 594 2691; x_wconf 83' lang='lat' dir='ltr'><strong>tranquillitas</strong></span> <span class='ocrx_word' id='word_1_233' title='bbox 635 2612 804 2671; x_wconf 88' lang='lat' dir='ltr'><strong>animi</strong></span> <span class='ocrx_word' id='word_1_234' title='bbox 844 2620 1018 2691; x_wconf 87' lang='lat' dir='ltr'><strong>atque</strong></span> <span class='ocrx_word' id='word_1_235' title='bbox 1043 2613 1365 2671; x_wconf 81' lang='lat' dir='ltr'><strong>securitas,</strong></span> <span class='ocrx_word' id='word_1_236' title='bbox 1400 2613 1447 2672; x_wconf 91' lang='lat' dir='ltr'><strong>si</strong></span> <span class='ocrx_word' id='word_1_237' title='bbox 1488 2612 1719 2691; x_wconf 90' lang='lat' dir='ltr'><strong>quidem</strong></span> <span class='ocrx_word' id='word_1_238' title='bbox 1762 2632 1867 2673; x_wconf 89' lang='lat' dir='ltr'><strong>nec</strong></span> <span class='ocrx_word' id='word_1_239' title='bbox 1911 2614 2061 2672; x_wconf 83' lang='lat' dir='ltr'><strong>anxii</strong></span> 
     </span>
     <span class='ocr_line' id='line_1_28' title="bbox 129 2693 2127 2806; baseline -0.001 -43"><span class='ocrx_word' id='word_1_240' title='bbox 129 2704 308 2763; x_wconf 88' lang='lat' dir='ltr'><strong>futuri</strong></span> <span class='ocrx_word' id='word_1_241' title='bbox 351 2709 504 2773; x_wconf 86' lang='lat' dir='ltr'><strong>sunt,</strong></span> <span class='ocrx_word' id='word_1_242' title='bbox 546 2710 606 2761; x_wconf 86' lang='lat' dir='ltr'><strong>et</strong></span> <span class='ocrx_word' id='word_1_243' title='bbox 647 2724 779 2762; x_wconf 91' lang='lat' dir='ltr'><strong>cum</strong></span> <span class='ocrx_word' id='word_1_244' title='bbox 821 2702 1102 2797; x_wconf 86' lang='lat' dir='ltr'><strong>gravitate</strong></span> <span class='ocrx_word' id='word_1_245' title='bbox 1149 2693 1573 2806; x_wconf 80' lang='lat' dir='ltr'><strong>constantiaque</strong></span> <span class='ocrx_word' id='word_1_246' title='bbox 1613 2704 1833 2763; x_wconf 85' lang='lat' dir='ltr'><strong>victuri.</strong></span> <span class='ocrx_word' id='word_1_247' title='bbox 1915 2703 2063 2773; x_wconf 81' lang='lat' dir='ltr'><strong>Quae</strong></span> <span class='ocrx_word' id='word_1_248' title='bbox 2088 2709 2127 2763; x_wconf 81' lang='lat'>9</span> 
     </span>
     <span class='ocr_line' id='line_1_29' title="bbox 129 2792 2062 2885; baseline -0.001 -32"><span class='ocrx_word' id='word_1_249' title='bbox 129 2795 382 2853; x_wconf 85' lang='lat' dir='ltr'><strong>faciliora</strong></span> <span class='ocrx_word' id='word_1_250' title='bbox 407 2800 542 2852; x_wconf 81' lang='lat' dir='ltr'><strong>sunt</strong></span> <span class='ocrx_word' id='word_1_251' title='bbox 567 2794 936 2885; x_wconf 70' lang='lat' dir='ltr'><strong>philosophia,</strong></span> <span class='ocrx_word' id='word_1_252' title='bbox 975 2813 1092 2871; x_wconf 87' lang='lat' dir='ltr'><strong>quo</strong></span> <span class='ocrx_word' id='word_1_253' title='bbox 1125 2792 1313 2851; x_wconf 87' lang='lat' dir='ltr'><strong>minus</strong></span> <span class='ocrx_word' id='word_1_254' title='bbox 1339 2793 1525 2852; x_wconf 82' lang='lat' dir='ltr'><strong>multa</strong></span> <span class='ocrx_word' id='word_1_255' title='bbox 1549 2800 1753 2872; x_wconf 85' lang='lat' dir='ltr'><strong>patent</strong></span> <span class='ocrx_word' id='word_1_256' title='bbox 1778 2794 1837 2851; x_wconf 89' lang='lat' dir='ltr'><strong>in</strong></span> <span class='ocrx_word' id='word_1_257' title='bbox 1862 2811 2062 2852; x_wconf 88' lang='lat' dir='ltr'><strong>eorum</strong></span> 
     </span>
     <span class='ocr_line' id='line_1_30' title="bbox 129 2869 2057 2987; baseline -0.003 -44"><span class='ocrx_word' id='word_1_258' title='bbox 129 2885 264 2953; x_wconf 89' lang='lat' dir='ltr'><strong>vita,</strong></span> <span class='ocrx_word' id='word_1_259' title='bbox 294 2902 430 2987; x_wconf 84' lang='lat' dir='ltr'><strong>quae</strong></span> <span class='ocrx_word' id='word_1_260' title='bbox 463 2884 692 2941; x_wconf 76' lang='lat' dir='ltr'><strong>fortuna</strong></span> <span class='ocrx_word' id='word_1_261' title='bbox 713 2869 908 2951; x_wconf 72' lang='lat' dir='ltr'><strong>feriat,</strong></span> <span class='ocrx_word' id='word_1_262' title='bbox 938 2890 999 2941; x_wconf 91' lang='lat' dir='ltr'><strong>et</strong></span> <span class='ocrx_word' id='word_1_263' title='bbox 1033 2901 1150 2960; x_wconf 91' lang='lat' dir='ltr'><strong>quo</strong></span> <span class='ocrx_word' id='word_1_264' title='bbox 1187 2883 1374 2941; x_wconf 87' lang='lat' dir='ltr'><strong>minus</strong></span> <span class='ocrx_word' id='word_1_265' title='bbox 1410 2883 1605 2941; x_wconf 88' lang='lat' dir='ltr'><strong>multis</strong></span> <span class='ocrx_word' id='word_1_266' title='bbox 1640 2882 1812 2941; x_wconf 86' lang='lat' dir='ltr'><strong>rebus</strong></span> <span class='ocrx_word' id='word_1_267' title='bbox 1848 2888 2057 2959; x_wconf 90' lang='lat' dir='ltr'><strong>egent:</strong></span> 
     </span>
    </p>

    <p class='ocr_par' dir='ltr' id='par_1_9' title="bbox 131 2969 2179 3572">
     <span class='ocr_line' id='line_1_31' title="bbox 131 2969 2063 3061; baseline -0.004 -28"><span class='ocrx_word' id='word_1_268' title='bbox 131 2984 188 3033; x_wconf 87' lang='lat' dir='ltr'><strong>et</strong></span> <span class='ocrx_word' id='word_1_269' title='bbox 227 2976 384 3052; x_wconf 86' lang='lat' dir='ltr'><strong>quia,</strong></span> <span class='ocrx_word' id='word_1_270' title='bbox 414 2972 463 3031; x_wconf 89' lang='lat' dir='ltr'><strong>si</strong></span> <span class='ocrx_word' id='word_1_271' title='bbox 507 2972 648 3061; x_wconf 79' lang='lat' dir='ltr'><strong>quid</strong></span> <span class='ocrx_word' id='word_1_272' title='bbox 694 2972 917 3061; x_wconf 73' lang='lat' dir='ltr'><strong>adversi</strong></span> <span class='ocrx_word' id='word_1_273' title='bbox 961 2972 1200 3041; x_wconf 88' lang='lat' dir='ltr'><strong>eveniat,</strong></span> <span class='ocrx_word' id='word_1_274' title='bbox 1242 2979 1365 3031; x_wconf 85' lang='lat' dir='ltr'><strong>tam</strong></span> <span class='ocrx_word' id='word_1_275' title='bbox 1410 2971 1661 3051; x_wconf 69' lang='lat' dir='ltr'><strong>graviter</strong></span> <span class='ocrx_word' id='word_1_276' title='bbox 1706 2969 1909 3028; x_wconf 87' lang='lat' dir='ltr'><strong>cadere</strong></span> <span class='ocrx_word' id='word_1_277' title='bbox 1948 2987 2063 3027; x_wconf 90' lang='lat' dir='ltr'><strong>non</strong></span> 
     </span>
     <span class='ocr_line' id='line_1_32' title="bbox 132 3048 2169 3143; baseline -0.002 -20"><span class='ocrx_word' id='word_1_278' title='bbox 132 3069 392 3143; x_wconf 80' lang='lat' dir='ltr'><strong>possunt.</strong></span> <span class='ocrx_word' id='word_1_279' title='bbox 475 3048 786 3133; x_wconf 70' lang='lat' dir='ltr'><strong>Quocirca</strong></span> <span class='ocrx_word' id='word_1_280' title='bbox 777 3048 892 3121; x_wconf 78' lang='lat' dir='ltr'><strong>non</strong></span> <span class='ocrx_word' id='word_1_281' title='bbox 917 3063 1036 3120; x_wconf 86' lang='lat' dir='ltr'><strong>sine</strong></span> <span class='ocrx_word' id='word_1_282' title='bbox 1063 3080 1234 3120; x_wconf 87' lang='lat' dir='ltr'><strong>causa</strong></span> <span class='ocrx_word' id='word_1_283' title='bbox 1258 3062 1507 3140; x_wconf 83' lang='lat' dir='ltr'><strong>majores</strong></span> <span class='ocrx_word' id='word_1_284' title='bbox 1534 3066 1723 3117; x_wconf 90' lang='lat' dir='ltr'><strong>motus</strong></span> <span class='ocrx_word' id='word_1_285' title='bbox 1750 3058 2064 3117; x_wconf 87' lang='lat' dir='ltr'><strong>animorum</strong></span> <span class='ocrx_word' id='word_1_286' title='bbox 2093 3064 2169 3119; x_wconf 88' lang='grc'><strong>10</strong></span> 
     </span>
     <span class='ocr_line' id='line_1_33' title="bbox 132 3148 2060 3242; baseline -0.003 -29"><span class='ocrx_word' id='word_1_287' title='bbox 132 3155 505 3221; x_wconf 88' lang='lat' dir='ltr'><strong>concitantur,</strong></span> <span class='ocrx_word' id='word_1_288' title='bbox 533 3152 830 3242; x_wconf 85' lang='lat' dir='ltr'><strong>majorque</strong></span> <span class='ocrx_word' id='word_1_289' title='bbox 857 3152 1134 3213; x_wconf 86' lang='lat' dir='ltr'><strong>efficiendi</strong></span> <span class='ocrx_word' id='word_1_290' title='bbox 1173 3170 1311 3209; x_wconf 87' lang='lat' dir='ltr'><strong>cura</strong></span> <span class='ocrx_word' id='word_1_291' title='bbox 1336 3169 1461 3208; x_wconf 93' lang='lat' dir='ltr'><strong>rem</strong></span> <span class='ocrx_word' id='word_1_292' title='bbox 1502 3148 1790 3229; x_wconf 89' lang='lat' dir='ltr'><strong>publicam</strong></span> <span class='ocrx_word' id='word_1_293' title='bbox 1816 3150 2060 3228; x_wconf 87' lang='lat' dir='ltr'><strong>gerenti-</strong></span> 
     </span>
     <span class='ocr_line' id='line_1_34' title="bbox 131 3239 2179 3322; baseline -0.003 -19"><span class='ocrx_word' id='word_1_294' title='bbox 131 3246 256 3313; x_wconf 77' lang='lat' dir='ltr'><strong>buS‚</strong></span> <span class='ocrx_word' id='word_1_295' title='bbox 289 3263 464 3322; x_wconf 87' lang='lat' dir='ltr'><strong>quam</strong></span> <span class='ocrx_word' id='word_1_296' title='bbox 493 3242 733 3320; x_wconf 77' lang='lat' dir='ltr'><strong>quietis:</strong></span> <span class='ocrx_word' id='word_1_297' title='bbox 775 3260 890 3321; x_wconf 87' lang='lat' dir='ltr'><strong>quo</strong></span> <span class='ocrx_word' id='word_1_298' title='bbox 931 3242 1114 3320; x_wconf 88' lang='lat' dir='ltr'><strong>magis</strong></span> <span class='ocrx_word' id='word_1_299' title='bbox 1157 3240 1247 3298; x_wconf 81' lang='lat' dir='ltr'><strong>his</strong></span> <span class='ocrx_word' id='word_1_300' title='bbox 1290 3248 1351 3299; x_wconf 90' lang='lat' dir='ltr'><strong>et</strong></span> <span class='ocrx_word' id='word_1_301' title='bbox 1392 3239 1728 3319; x_wconf 85' lang='lat' dir='ltr'><strong>magnitudo</strong></span> <span class='ocrx_word' id='word_1_302' title='bbox 1767 3247 1857 3299; x_wconf 91' lang='lat' dir='ltr'><strong>est</strong></span> <span class='ocrx_word' id='word_1_303' title='bbox 1894 3239 2065 3314; x_wconf 78' lang='lat' dir='ltr'><strong>animi</strong></span> <span class='ocrx_word' id='word_1_304' title='bbox 2176 3272 2179 3277; x_wconf 97' lang='lat'>-</span> 
     </span>
     <span class='ocr_line' id='line_1_35' title="bbox 133 3330 2165 3410; baseline -0.003 -18"><span class='ocrx_word' id='word_1_305' title='bbox 133 3330 458 3393; x_wconf 86' lang='lat' dir='ltr'><strong>adhibenda</strong></span> <span class='ocrx_word' id='word_1_306' title='bbox 486 3339 546 3389; x_wconf 90' lang='lat' dir='ltr'><strong>et</strong></span> <span class='ocrx_word' id='word_1_307' title='bbox 565 3332 819 3391; x_wconf 84' lang='lat' dir='ltr'><strong>vacuitas</strong></span> <span class='ocrx_word' id='word_1_308' title='bbox 846 3332 920 3391; x_wconf 88' lang='lat' dir='ltr'><strong>ab</strong></span> <span class='ocrx_word' id='word_1_309' title='bbox 947 3332 1271 3410; x_wconf 77' lang='lat' dir='ltr'><strong>angoribus,</strong></span> <span class='ocrx_word' id='word_1_310' title='bbox 1352 3330 1453 3389; x_wconf 89' lang='lat' dir='ltr'><strong>Ad</strong></span> <span class='ocrx_word' id='word_1_311' title='bbox 1479 3349 1601 3388; x_wconf 91' lang='lat' dir='ltr'><strong>rem</strong></span> <span class='ocrx_word' id='word_1_312' title='bbox 1628 3330 1937 3409; x_wconf 88' lang='lat' dir='ltr'><strong>gerendam</strong></span> <span class='ocrx_word' id='word_1_313' title='bbox 1964 3349 2062 3387; x_wconf 87' lang='lat' dir='ltr'><strong>au·</strong></span> <span class='ocrx_word' id='word_1_314' title='bbox 2094 3335 2165 3387; x_wconf 89' lang='lat'><strong>11</strong></span> 
     </span>
     <span class='ocr_line' id='line_1_36' title="bbox 131 3410 2065 3500; baseline -0.003 -18"><span class='ocrx_word' id='word_1_315' title='bbox 131 3432 248 3482; x_wconf 88' lang='lat' dir='ltr'><strong>tem</strong></span> <span class='ocrx_word' id='word_1_316' title='bbox 291 3422 392 3500; x_wconf 89' lang='lat' dir='ltr'><strong>qui</strong></span> <span class='ocrx_word' id='word_1_317' title='bbox 429 3410 668 3490; x_wconf 82' lang='lat' dir='ltr'><strong>accedit,</strong></span> <span class='ocrx_word' id='word_1_318' title='bbox 699 3428 914 3490; x_wconf 82' lang='lat' dir='ltr'><strong>caveat,</strong></span> <span class='ocrx_word' id='word_1_319' title='bbox 955 3440 1028 3479; x_wconf 91' lang='lat' dir='ltr'><strong>ne</strong></span> <span class='ocrx_word' id='word_1_320' title='bbox 1073 3421 1134 3479; x_wconf 92' lang='lat' dir='ltr'><strong>id</strong></span> <span class='ocrx_word' id='word_1_321' title='bbox 1173 3420 1347 3480; x_wconf 90' lang='lat' dir='ltr'><strong>modo</strong></span> <span class='ocrx_word' id='word_1_322' title='bbox 1394 3421 1727 3489; x_wconf 87' lang='lat' dir='ltr'><strong>consideret,</strong></span> <span class='ocrx_word' id='word_1_323' title='bbox 1757 3440 1929 3499; x_wconf 90' lang='lat' dir='ltr'><strong>quam</strong></span> <span class='ocrx_word' id='word_1_324' title='bbox 1967 3419 2065 3477; x_wconf 85' lang='lat' dir='ltr'><strong>illa</strong></span> 
     </span>
     <span class='ocr_line' id='line_1_37' title="bbox 131 3510 2060 3579; baseline -0.003 -9"><span class='ocrx_word' id='word_1_325' title='bbox 131 3532 220 3572; x_wconf 64' lang='lat' dir='ltr'><strong>ros</strong></span> <span class='ocrx_word' id='word_1_326' title='bbox 263 3513 510 3572; x_wconf 85' lang='lat' dir='ltr'><strong>honesta</strong></span> <span class='ocrx_word' id='word_1_327' title='bbox 537 3513 642 3571; x_wconf 82' lang='lat' dir='ltr'><strong>sit:</strong></span> <span class='ocrx_word' id='word_1_328' title='bbox 685 3512 790 3571; x_wconf 87' lang='lat' dir='ltr'><strong>sed</strong></span> <span class='ocrx_word' id='word_1_329' title='bbox 816 3512 1006 3579; x_wconf 89' lang='lat' dir='ltr'><strong>etiam,</strong></span> <span class='ocrx_word' id='word_1_330' title='bbox 1033 3518 1104 3569; x_wconf 89' lang='lat' dir='ltr'><strong>ut</strong></span> <span class='ocrx_word' id='word_1_331' title='bbox 1145 3512 1359 3570; x_wconf 89' lang='lat' dir='ltr'><strong>habeat</strong></span> <span class='ocrx_word' id='word_1_332' title='bbox 1400 3510 1675 3569; x_wconf 83' lang='lat' dir='ltr'><strong>efficiendi</strong></span> <span class='ocrx_word' id='word_1_333' title='bbox 1712 3510 2060 3569; x_wconf 85' lang='lat' dir='ltr'><strong>facultatem.</strong></span> 
     </span>
    </p>
   </div>
   <div class='ocr_carea' id='block_1_8' title="bbox 14 3598 2167 3773">
    <p class='ocr_par' dir='ltr' id='par_1_10' title="bbox 14 3598 2167 3773">
     <span class='ocr_line' id='line_1_38' title="bbox 14 3598 2167 3681; baseline -0.004 -18"><span class='ocrx_word' id='word_1_334' title='bbox 14 3660 17 3665; x_wconf 17' lang='grc' dir='ltr'><strong><em>Δ</em></strong></span> <span class='ocrx_word' id='word_1_335' title='bbox 129 3603 204 3661; x_wconf 91' lang='lat' dir='ltr'><strong>In</strong></span> <span class='ocrx_word' id='word_1_336' title='bbox 249 3621 370 3681; x_wconf 83' lang='lat' dir='ltr'><strong>quo</strong></span> <span class='ocrx_word' id='word_1_337' title='bbox 415 3602 546 3681; x_wconf 85' lang='lat' dir='ltr'><strong>ipso</strong></span> <span class='ocrx_word' id='word_1_338' title='bbox 591 3600 1063 3661; x_wconf 87' lang='lat' dir='ltr'><strong>considerandum</strong></span> <span class='ocrx_word' id='word_1_339' title='bbox 1109 3608 1215 3670; x_wconf 86' lang='lat' dir='ltr'><strong>est,</strong></span> <span class='ocrx_word' id='word_1_340' title='bbox 1265 3619 1339 3659; x_wconf 90' lang='lat' dir='ltr'><strong>ne</strong></span> <span class='ocrx_word' id='word_1_341' title='bbox 1386 3607 1489 3659; x_wconf 89' lang='lat' dir='ltr'><strong>aut</strong></span> <span class='ocrx_word' id='word_1_342' title='bbox 1533 3606 1747 3659; x_wconf 86' lang='lat' dir='ltr'><strong>temere</strong></span> <span class='ocrx_word' id='word_1_343' title='bbox 1772 3598 2063 3675; x_wconf 85' lang='lat' dir='ltr'><strong>desperet</strong></span> <span class='ocrx_word' id='word_1_344' title='bbox 2091 3600 2167 3655; x_wconf 81' lang='lat'><strong>12</strong></span> 
     </span>
     <span class='ocr_line' id='line_1_39' title="bbox 14 3685 2065 3773; baseline -0.004 -20"><span class='ocrx_word' id='word_1_345' title='bbox 14 3696 17 3705; x_wconf 89' lang='lat'>&#39;</span> <span class='ocrx_word' id='word_1_346' title='bbox 129 3694 409 3773; x_wconf 86' lang='lat' dir='ltr'><strong>propter</strong></span> <span class='ocrx_word' id='word_1_347' title='bbox 412 3685 718 3772; x_wconf 85' lang='lat' dir='ltr'><strong>ignaviam,</strong></span> <span class='ocrx_word' id='word_1_348' title='bbox 743 3696 846 3751; x_wconf 87' lang='lat' dir='ltr'><strong>aut</strong></span> <span class='ocrx_word' id='word_1_349' title='bbox 885 3690 1050 3751; x_wconf 86' lang='lat' dir='ltr'><strong>nimis</strong></span> <span class='ocrx_word' id='word_1_350' title='bbox 1097 3690 1349 3750; x_wconf 84' lang='lat' dir='ltr'><strong>confidat</strong></span> <span class='ocrx_word' id='word_1_351' title='bbox 1388 3695 1629 3770; x_wconf 87' lang='lat' dir='ltr'><strong>propter</strong></span> <span class='ocrx_word' id='word_1_352' title='bbox 1670 3686 2065 3767; x_wconf 86' lang='lat' dir='ltr'><strong>cupiditatem.</strong></span> 
     </span>
    </p>
   </div>
  </div>
 </body>
</html>
