2484 4175
953 293 1126 336 unna
1151 295 1241 336 111.
1322 295 1457 336 oar.
1488 296 1555 336 11.
2188 277 2262 340 8³1

234 439 366 480 eam
405 421 767 481 solitudinem
805 421 1076 502 languere
1115 424 1317 502 patior,
1344 443 1517 502 quam
1544 424 1681 486 mihi
1706 424 1897 484 adfert
1922 424 2162 484 necessi-

233 513 345 578 tas,
374 531 490 570 non
515 511 797 570 voluntas.
882 513 1245 591 Quamquam
1269 514 1577 572 Africanus
1615 515 1889 592 majorem
1932 513 2163 574 laudem
2194 521 2269 576 10

233 619 368 660 meo
406 601 622 680 judicio
669 603 1094 680 assequebatur.
1177 602 1356 662 Nulla
1394 603 1543 672 enim
1582 604 1709 682 ejus
1734 604 1941 683 ingenii
1963 623 2163 666 monu-
2193 610 2264 664 11

232 699 432 749 menta
471 691 742 750 mandata
780 691 999 761 litteris,
1027 691 1249 752 nullum
1276 711 1423 770 opus
1450 693 1565 761 otii,
1592 693 1811 752 nullum
1850 693 2163 752 solitudinis

232 798 449 838 munus
491 787 666 840 extat.
747 781 840 839 Ex
877 799 993 859 quo
1031 781 1269 860 intelligi
1314 782 1504 851 debet,
1536 783 1699 842 illum
1742 783 1947 842 mentis
1986 783 2163 862 agita-

234 869 390 928 tione
431 870 972 949 investigationeque
998 889 1194 930 earum
1233 890 1443 940 rerum,
1470 891 1613 950 quas
1640 872 1943 952 cogitando
1968 891 2163 932 consc-

233 959 536 1037 qucbatur,
581 979 766 1038 neque
803 960 1050 1022 otiosum
1087 979 1195 1020 nec
1241 961 1427 1020 solum
1472 980 1725 1039 unquam
1768 961 1957 1022 fuisse.
2039 961 2165 1022 Nos

232 1055 448 1118 autem,
468 1049 567 1127 qui
591 1069 706 1108 non
729 1056 956 1109 tantum
981 1051 1196 1110 roboris
1221 1050 1519 1119 habemus,
1541 1056 1608 1110 ut
1626 1051 1964 1130 cogitatione
1988 1051 2163 1112 tacita

233 1157 270 1196 a
297 1138 600 1197 solitudine
639 1140 1052 1209 abstrahamur,
1093 1139 1172 1199 ad
1213 1140 1363 1198 hanc
1402 1139 1683 1200 scribendi
1724 1153 1955 1218 operam
1998 1159 2163 1201 omne

231 1229 494 1288 studium
515 1248 822 1308 curamque
843 1229 1238 1288 convertimus.
1296 1230 1500 1308 Itaque
1528 1229 1695 1307 plura
1720 1230 1879 1288 brevi
1902 1237 2161 1309 tempore
2191 1235 2266 1290 12

230 1337 450 1388 eversa,
476 1337 652 1398 quam
675 1319 870 1378 multis
897 1319 1055 1378 annis
1081 1326 1269 1378 stante
1295 1339 1357 1379 re
1385 1319 1631 1399 publica,
1660 1319 2002 1398 scripsimus.

314 1500 396 1558 H.
441 1499 560 1558 Sed
587 1519 720 1559 cum
745 1507 870 1559 tota
908 1498 1283 1578 philosophia,
1312 1499 1391 1560 mi
1421 1500 1640 1571 Cicero,
1664 1499 1937 1580 frugifera
1959 1505 2021 1560 et
2043 1501 2161 1560 fru-

231 1595 452 1658 ctuosa,
481 1609 588 1648 nec
614 1590 734 1648 ulla
760 1609 894 1668 pars
921 1590 1048 1668 ejus
1087 1590 1303 1648 inculta
1326 1609 1397 1649 ac
1424 1590 1649 1650 deserta
1674 1590 1781 1650 sit:
1820 1598 1947 1650 tum
1972 1590 2164 1650 nunus

227 1679 474 1738 feracior
499 1680 556 1738 in
583 1699 652 1738 ea
677 1679 836 1739 locus
865 1686 954 1738 est
990 1698 1096 1738 nec
1123 1680 1365 1748 uberior,
1394 1699 1567 1758 quam
1610 1681 1685 1740 de
1728 1680 1937 1750 officiis,
1966 1699 2003 1738 a
2040 1680 2161 1759 qui·

231 1769 346 1828 bus
367 1776 692 1829 constanter
709 1770 1059 1848 honesteque
1075 1770 1301 1828 vivendi
1315 1777 1605 1848 praecepta
1624 1769 1929 1828 ducuntur.
1972 1769 2161 1840 Quare
2189 1773 2225 1828 2

229 1877 583 1937 quamquam
609 1878 645 1916 a
674 1859 950 1938 Cratippo
987 1866 1202 1927 nostro,
1230 1859 1483 1936 principe
1522 1859 1695 1937 hujus
1722 1859 2009 1918 memoriae
2034 1859 2161 1937 phi-

227 1949 619 2026 losophorum,
647 1949 772 2008 haec
799 1955 858 2007 te
883 1949 1112 2008 assidue
1153 1948 1349 2006 audire
1394 1954 1567 2025 atque
1606 1947 1863 2025 accipere
1904 1947 2158 2006 confido:

229 2045 430 2099 tamen
457 2038 774 2099 conducere
799 2039 1057 2107 arbitror,
1079 2039 1289 2099 talibus
1316 2055 1483 2097 aures
1511 2043 1641 2095 tuas
1660 2037 1896 2097 vocibus
1914 2037 2163 2117 undique

229 2130 686 2197 circumsonare;
724 2148 830 2189 nec
856 2148 971 2198 eas,
1001 2129 1050 2187 si
1075 2129 1194 2187 fieri
1219 2128 1418 2206 possit,
1436 2127 1739 2205 quicquam
1766 2126 1921 2185 aliud
1948 2126 2157 2187 audire.

231 2220 406 2290 Quod
447 2239 582 2279 cum
627 2220 886 2279 omnibus
927 2227 1018 2279 est
1057 2218 1397 2286 faciendum,
1426 2217 1525 2295 qui
1550 2217 1725 2276 vitam
1751 2217 2051 2275 honestam
2075 2216 2158 2275 in·
2185 2224 2221 2277 3

229 2310 398 2389 gredi
425 2311 695 2389 cogitant,
722 2316 850 2369 tum
885 2309 1044 2369 haud
1085 2309 1201 2367 scio
1243 2327 1320 2367 an
1362 2308 1567 2366 nemini
1607 2306 1815 2386 potiuS,
1844 2324 2013 2385 quam
2038 2306 2159 2367 tibi.

229 2400 494 2459 Suet-ines
535 2400 686 2459 enim
722 2419 837 2458 non
889 2418 1128 2477 parvam
1171 2398 1621 2477 ex‘pectationem
1673 2396 1959 2456 imitanda>
1996 2396 2158 2455 indu·
2186 2400 2225 2455 4

228 2490 388 2549 striae
425 2497 652 2558 nostrae,
681 2508 950 2569 magnam
993 2490 1291 2557 honorum,
1331 2488 1661 2547 nonnullam
1698 2487 1939 2545 fortasse
1984 2486 2159 2545 nomi-

227 2580 336 2638 nis.
420 2580 734 2659 Suscepisti
758 2598 902 2638 onus
942 2586 1220 2657 praterea
1258 2596 1435 2656 grave
1462 2584 1521 2636 et
1546 2578 1909 2637 Athenarum
1932 2583 1992 2636 et
2020 2576 2223 2637 Ora-5

227 2670 417 2749 tippi.
461 2670 538 2729 ad
565 2688 710 2748 quos
736 2689 868 2729 cum
895 2675 1190 2748 tamquam
1228 2668 1305 2727 ad
1344 2675 1727 2727 mercaturam
1765 2668 2043 2726 bonarum
2071 2684 2159 2723 ar-

227 2761 378 2821 tium
421 2760 498 2818 sis
541 2759 848 2840 profectus,
876 2759 1101 2817 inanem
1141 2758 1326 2817 redire
1367 2757 1759 2836 turpissimum
1784 2764 1889 2824 est,
1918 2755 2159 2815 dedeco-

227 2857 456 2909 rantem
495 2857 554 2909 et
593 2849 750 2908 urbis
791 2848 1186 2907 auctoritatem
1211 2855 1273 2907 et
1298 2847 1571 2927 magistri.
1655 2848 1844 2915 Quare
1880 2851 2161 2921 quantum
2187 2848 2224 2903 6

229 2940 444 3000 conniti
469 2938 655 2997 ani-mo
684 2945 866 3017 potes,
895 2945 1174 3016 quantum
1211 2936 1407 2995 labore
1436 2935 1777 2995 contendere
1807 2932 1883 3013 (si
1908 2931 2163 2991 discendi

229 3031 396 3089 labor
423 3037 512 3088 est
538 3029 744 3108 potiuS,
767 3047 940 3107 quam
965 3025 1257 3106 voluptas)
1280 3033 1505 3084 tantum
1528 3025 1620 3083 fac
1646 3030 1715 3081 ut
1739 3022 1978 3082 efficias:
2020 3040 2163 3081 neve

229 3119 576 3195 committaS,
605 3126 690 3187 ut,
719 3138 852 3177 cum
878 3117 1066 3176 omnia
1105 3114 1474 3195 suppeditata
1500 3114 1614 3173 sint
1638 3132 1675 3170 a
1699 3113 1879 3181 nebia,
1909 3118 2033 3172 tute
2058 3112 2162 3171 tibi

231 3209 484 3269 defuisse
509 3208 753 3267 videare.
836 3206 953 3266 Sed
979 3208 1106 3266 haeo
1133 3206 1429 3265 hactenus.
1514 3203 1701 3263 Multa
1728 3204 1877 3263 enim
1906 3221 2061 3281 saepe
2086 3202 2167 3262 ad.
2192 3202 2225 3263 ’1

231 3306 290 3358 te
318 3298 658 3358 cohortandi
693 3297 878 3377 gratia
905 3297 1247 3375 scripsimus.
1328 3293 1497 3353 Nunc
1524 3294 1601 3353 ad
1626 3293 1903 3373 reliquam
1930 3300 2154 3372 partem

231 3388 544 3471 proposita?
571 3387 854 3445 divisionis
880 3394 1251 3445 revertamur.

311 3480 363 3537 P
381 3497 420 3535 a
438 3497 476 3534 n
495 3494 543 3535 ae
561 3485 586 3535 t
603 3478 679 3535 iu
695 3496 724 3535 s
769 3477 959 3556 igitur,
989 3476 1088 3553 qui
1135 3476 1255 3534 sine
1302 3476 1683 3533 controversia
1721 3474 1797 3533 de
1836 3472 2029 3532 officiis
2069 3490 2163 3531 ac·
2192 3477 2229 3530 8

231 3568 585 3627 curatissime
613 3566 942 3647 disputavit,
963 3583 1247 3643 quemque
1274 3584 1395 3633 nos,
1418 3564 1763 3625 correctione
1788 3560 2039 3641 quadam
2063 3560 2164 3619 ad-

237 3658 434 3725 hibita,
463 3656 818 3737 potissimum
843 3655 1026 3715 secuti
1049 3673 1267 3725 sumus,
1294 3654 1479 3715 tribus
1516 3652 1817 3733 generibus
1843 3648 2165 3730 propositis,
