2484 4175
250 280 331 339 24
1087 294 1165 335 nu
1194 292 1452 335 omens

356 425 532 486 etiam
570 430 661 485 est
702 424 963 504 ejusdem
1004 443 1131 485 esse
1168 424 1428 485 civitatis.
1507 422 1698 483 Multa
1729 423 1881 483 enim
1915 429 2052 485 sunt
2075 424 2298 487 civibus

356 516 504 576 inter
542 534 605 575 se
646 515 996 575 communia:
1037 515 1246 583 forum,
1283 516 1433 584 fana,
1474 515 1744 593 porticuS,
1773 515 1898 585 viae,
1926 516 2101 595 leges,
2139 518 2293 596 jura,

350 606 585 687 judicia,
614 606 902 686 suffragia,
946 606 1386 665 consuetudines
1426 613 1712 684 praeterea
1757 611 1817 664 et
1863 606 2292 676 familiaritates,

356 698 665 775 multisque
693 717 826 755 cum
851 696 1045 755 multis
1070 714 1163 755 res
1188 696 1552 774 rationesque
1579 702 1906 756 contractae.

292 794 329 849 3
437 788 638 847 Artior
675 806 812 846 vero
856 785 1146 866 colligatio
1185 792 1278 847 est
1318 786 1604 845 societatis
1643 785 2110 865 propinquorum.
2192 787 2296 847 Ab

358 878 455 937 illa
493 878 644 937 enim
682 878 961 937 immensa
996 878 1268 937 societate
1308 877 1541 937 humani
1565 876 1790 956 generis
1815 877 1874 936 in
1899 876 2170 956 exiguum
2195 896 2296 935 an-

292 974 333 1029 4
359 975 711 1049 gustumque
732 968 1103 1029 concluditur.
1186 968 1342 1027 Nam
1369 986 1500 1027 cum
1509 967 1600 1046 ‚sit
1623 968 1736 1027 hoc
1761 973 1966 1025 natura
1993 986 2296 1027 commune

360 1058 749 1129 animantium,
776 1066 845 1118 ut
870 1060 1122 1119 habeant
1158 1057 1472 1117 lubidinem
1513 1056 1865 1138 procreandi,
1893 1057 2080 1137 prima
2119 1058 2298 1117 socie-

360 1155 452 1208 tas
476 1149 687 1229 inipso
712 1148 981 1230 conjugio
1006 1156 1127 1219 est3
1168 1148 1430 1227 proxima
1461 1148 1520 1207 in
1557 1148 1780 1218 liberis;
1821 1146 2026 1207 deinde
2051 1166 2170 1207 una
2191 1148 2300 1207 do-

358 1260 508 1311 mus,
537 1241 863 1300 communia
889 1240 1096 1300 omnia.
1177 1239 1252 1298 Id
1295 1246 1492 1299 autem
1531 1245 1622 1299 est
1667 1238 2007 1319 principium
2032 1238 2208 1308 urbis,
2237 1245 2302 1297 et

294 1340 331 1392 5
359 1331 525 1412 quasi
564 1330 931 1389 seminarium
962 1331 1045 1389 rei
1081 1328 1348 1409 publicae.
1432 1329 1768 1407 Sequuntur
1792 1329 2033 1389 fratrum
2059 1328 2301 1409 conjun-

360 1422 593 1489 ctiones,
622 1427 760 1499 post
802 1420 1270 1481 consobrinorum
1314 1419 1819 1498 sobi-inorumque:
1859 1420 1960 1498 qui
2005 1438 2139 1479 cum
2181 1438 2302 1479 una

361 1510 537 1571 domo
565 1510 690 1588 jam
716 1509 845 1588 capi
870 1528 985 1569 non
1019 1510 1257 1589 possint,
1285 1510 1346 1568 in
1377 1510 1518 1569 alias
1545 1509 1766 1579 domos,
1794 1516 2092 1589 tamquam
2117 1510 2178 1570 in
2203 1528 2303 1569 co·

294 1606 333 1661 6
360 1599 557 1670 loniaS,
578 1606 805 1660 exeunt.
876 1599 1213 1704 Sequuntur
1232 1600 1515 1659 connubia
1539 1607 1602 1660 et
1625 1600 1952 1659 affinitates:
1993 1618 2068 1659 ex
2091 1600 2304 1678 quibus

360 1691 533 1751 etiam
577 1690 771 1769 plures
806 1691 1127 1769 propinqui.
1212 1692 1360 1761 Quae
1400 1691 1744 1771 propagatio
1783 1697 1844 1749 et
1881 1690 2111 1750 suboles
2139 1690 2308 1770 origo

362 1787 452 1841 est
476 1800 666 1839 rerum
694 1781 1071 1860 publicarum.
1153 1780 1459 1861 Sanguinis
1486 1788 1680 1841 autem
1707 1780 2032 1860 conjunctio
2059 1787 2121 1839 et
2145 1780 2305 1840 beni-

360 1872 608 1933 volentia
627 1872 875 1933 devincit
901 1872 1159 1934 homines
1184 1879 1246 1931 et
1272 1873 1525 1933 caritate.
1612 1872 1890 1952 Magnum
1915 1878 2006 1931 est
2031 1871 2181 1931 enim
2207 1890 2305 1930 ea·

363 1963 498 2025 dem
525 1964 739 2024 habere
764 1970 1155 2024 monumenta
1158 1963 1461 2045 majorum,
1485 1962 1700 2023 eisdem
1719 1962 1807 2021 uti
1825 1961 2016 2032 sacris,
2039 1961 2306 2041 sepulcra

256 2117 265 2122 .
362 2056 575 2118 habere
604 2054 945 2116 communia.

298 2145 334 2208 '7
442 2146 563 2206 Sed
615 2148 869 2208 omnium
936 2146 1274 2206 societatum
1325 2145 1486 2205 nulla
1549 2144 1916 2224 praestantior
1982 2149 2089 2213 est,
2145 2143 2308 2202 nulla

362 2237 589 2306 firmior,
618 2256 794 2314 quam
822 2256 954 2296 cum
988 2235 1093 2294 viri
1130 2235 1284 2304 boni,
1313 2235 1568 2294 moribus
1607 2235 1834 2304 similes,
1863 2240 1999 2293 sunt
2023 2233 2306 2293 familiari-

361 2333 483 2385 tate
510 2326 815 2404 conjuncti.
894 2325 1052 2384 Illud
1092 2325 1243 2384 enim
1285 2325 1590 2383 honestum
1617 2323 1800 2402 (quod
1839 2343 1998 2404 saepe
2039 2323 2306 2404 dicimus)

366 2416 539 2474 etiam
566 2415 617 2474 si
641 2415 701 2473 in
726 2414 837 2473 alio
864 2413 1165 2482 cernimuS,
1193 2420 1389 2472 tamen
1427 2433 1532 2472 nos
1558 2420 1754 2474 movet
1779 2420 1955 2493 atque
1978 2415 2075 2483 illi,
2103 2415 2164 2474 in
2189 2433 2309 2493 quo

299 2513 336 2566 8
364 2504 465 2564 id·
448 2522 633 2565 messe
658 2504 900 2573 videtur,
930 2503 1143 2562 amicos
1179 2504 1333 2564 facit.
1413 2503 1492 2563 Et
1531 2523 1875 2583 quamquam
1917 2505 2101 2564 omnis
2126 2505 2308 2564 virtus

362 2613 468 2653 nos
507 2594 584 2653 ad
628 2611 691 2652 se
730 2594 904 2653 allicit
942 2593 1208 2673 facitque,
1236 2600 1306 2653 ut
1345 2613 1446 2653 eos
1482 2594 1804 2674 diligamuS,
1831 2594 1892 2654 in
1931 2595 2142 2674 quibus
2179 2595 2310 2674 ipsa

362 2685 547 2744 inesse
572 2683 866 2744 videatur:
908 2691 1102 2744 tamen
1139 2684 1384 2763 justitia,
1406 2691 1466 2744 et
1491 2684 1799 2746 liberalitas
1825 2685 1887 2744 id
1911 2685 2160 2744 maxime
2188 2685 2310 2744 effi-

299 2782 335 2836 9
364 2774 459 2834 cit.
541 2774 701 2834 Nihil
728 2781 923 2836 autem
951 2781 1039 2833 est
1065 2775 1360 2834 amabilius
1385 2794 1492 2836 nec
1519 2775 1856 2855 copulatiuS,
1877 2795 2052 2853 quam
2080 2794 2308 2834 morum

364 2865 679 2926 similitudo
724 2865 1023 2926 bonorum,
1104 2865 1177 2924 In
1224 2865 1434 2944 quibus
1474 2866 1624 2926 enim
1671 2866 1875 2925 eadem
1921 2865 2114 2925 studia
2151 2871 2306 2935 sunt,

364 2957 585 3019 eaedem
628 2956 970 3026 voluntates,
1016 2955 1077 3015 in
1122 2955 1212 3014 his
1260 2957 1343 3026 fit,
1392 2963 1461 3015 ut
1499 2975 1668 3036 aeque
1708 2956 1948 3034 quisque
1986 2957 2166 3015 altero
2205 2955 2306 3015 de·

363 3047 623 3117 lectetur,
651 3067 719 3110 ac
747 3067 809 3108 se
834 3047 994 3126 ipso:
1038 3047 1391 3125 efficiturque
1416 3047 1495 3116 id,
1523 3045 1682 3126 quod
1706 3047 2071 3126 Pythagoras
2097 3045 2224 3106 vult
2247 3045 2310 3104 in

262 3141 339 3196 10
366 3137 628 3206 amicitia,
656 3144 725 3196 ut
763 3158 912 3210 unus
958 3137 1061 3196 fiat
1100 3156 1175 3196 ex
1216 3137 1497 3219 pluribus.
1578 3135 1794 3216 Magna
1832 3136 2003 3195 etiam
2027 3136 2126 3196 illa
2151 3155 2307 3196 com-

365 3225 612 3284 munitas
639 3234 745 3296 est,
774 3246 908 3309 quoe
932 3227 1228 3288 conficitur
1265 3247 1339 3287 ex
1379 3227 1664 3292 beneficiis
1702 3226 1856 3288 ultro
1892 3233 1952 3284 et
1987 3226 2130 3290 citro
2156 3226 2311 3286 datis

366 3315 757 3394 acceptisque:
798 3335 931 3394 quae
960 3323 1021 3376 et
1046 3324 1250 3376 mutua
1273 3323 1336 3376 et
1359 3324 1528 3398 grata
1553 3316 1694 3377 dum
1719 3323 1871 3386 sunt,
1893 3316 2041 3376 inter
2067 3335 2212 3396 quos
2237 3335 2310 3376 ea

366 3410 503 3464 sunt
526 3405 689 3464 firma
713 3403 1107 3464 devinciuntur
1132 3407 1421 3466 societate.

264 3500 337 3555 11
448 3494 569 3554 Sed
616 3514 749 3554 cum
790 3495 979 3554 omnia
1020 3496 1237 3554 ratione
1277 3497 1577 3576 animoque
1617 3497 1894 3566 lustraliS‚
1923 3495 2176 3557 omnium
2215 3517 2308 3556 so-

368 3585 641 3646 cietatum
680 3584 838 3644 nulla
878 3592 969 3644 est
1010 3586 1254 3664 gravior,
1283 3585 1442 3644 nulla
1467 3587 1664 3656 carior,
1694 3605 1869 3666 quam
1895 3605 1982 3657 ea,
2011 3606 2145 3666 quae
2175 3605 2311 3646 cum

267 3680 343 3758 12
372 3694 435 3734 re
460 3675 693 3756 publica
717 3680 809 3738 est
832 3675 1132 3760 unicuique
1174 3683 1451 3742 nostrum.
1535 3677 1670 3738 Cari
1705 3683 1867 3738 sunt.
1881 3683 2166 3757 parentes,
2193 3674 2311 3739 cari
