2484 4175
225 318 302 374 52
1052 325 1128 366 nn
1171 323 1429 368 omens

327 417 808 518 animadversores
824 453 1107 532 vitiorum,
1129 473 1339 557 magna
1366 471 1521 532 saepe
1547 450 1933 530 intelligemus
1958 469 2035 512 ex
2050 450 2271 530 parvis

213 571 226 590 ³
265 555 299 608 2
328 549 418 608 Ex
437 545 737 606 oculorum
749 515 971 646 obtutu,
992 564 1063 602 ex
1089 523 1517 622 superciliorum
1534 549 1637 601 aut
1656 541 1979 600 remissione
1990 548 2102 642 aut
2129 561 2273 600 con·

327 637 618 707 tractione,
659 655 732 694 ex
776 613 1074 701 moestitiaf
1099 653 1172 692 ex
1210 633 1511 701 hilaritate,
1554 651 1587 690 e
1672 632 1807 700 risu,
1850 650 1922 690 ex
1959 593 2330 702 ιοὲιιιιιειιιιφζυ

329 747 401 786 ex
439 679 796 794 reticentia,
787 743 858 784 ex
895 703 1251 782 contentione
1278 723 1433 782 vocis
1460 729 1519 781 et
1544 742 1573 780 s
1574 653 1934 790 ιιιιιιιιεὲιοιιθ,
1962 741 2033 780 ex
2061 723 2277 780 ceteris

329 816 600 876 similibus
644 815 808 873 facile
844 813 1250 892 judicabimus,
1281 812 1419 891 quid
1460 831 1658 872 eorum
1698 819 1835 890 apte
1861 812 1977 880 fiat,
2007 811 2147 890 quid
2190 813 2273 871 ab

325 906 508 966 officio
533 911 850 984 naturaque
883 903 1186 981 discrepet.

263 1003 300 1056 3
408 996 536 1065 Quo
563 994 620 1052 in
647 987 858 1073 genere
885 1013 1000 1052 non
1021 999 1111 1052 est
1137 990 1577 1060 incommodum,
1600 990 1769 1069 quale
1788 991 2039 1070 quidque
2066 1009 2275 1050 eorum

258 1097 268 1107 ·
327 1086 416 1155 sit,
447 1104 520 1146 ex
545 1085 666 1143 aliis
689 1083 964 1163 judicare,
985 1091 1068 1152 ut,
1091 1083 1141 1142 si
1165 1082 1305 1160 quid
1326 1081 1603 1142 dedeceat
1628 1082 1687 1140 in
1712 1081 1839 1151 illis,
1866 1082 2110 1142 vitemus
2134 1081 2273 1160 ipsi.

263 1181 300 1234 4
327 1176 422 1234 Fit
447 1172 814 1248 enim(nescio
839 1164 1146 1252 quom'odo,
1177 1179 1243 1230 ut
1270 1172 1451 1250 magis
1490 1172 1549 1230 in
1586 1171 1710 1230 aliis
1746 1190 2061 1240 cernamuS,
2088 1190 2273 1249 quam

261 1275 298 1326 5
325 1266 384 1326 in
409 1265 735 1324 nobismet‘
720 1264 875 1342 ipsiS‚
893 1263 942 1322 si
968 1263 1107 1341 quid
1135 1262 1496 1340 delinquitur.
1566 1262 1774 1340 Itaque
1802 1260 2066 1320 facillim0
2094 1262 2272 1320 corri-

325 1355 578 1436 guntur
563 1375 623 1414 ιιι
647 1354 936 1422 discendo,
966 1372 1212 1431 quorum
1237 1353 1373 1412 vitia
1408 1351 1703 1412 imitantur
1726 1325 2065 1410 emendandi
2092 1370 2275 1411 causa

325 1443 948 1524 magistri..
1049 1490 1056 1499 ,

263 1540 298 1595 6
406 1535 532 1593 Nec
556 1552 694 1592 vero
737 1517 984 1598 alienum
1024 1539 1129 1601 est,
1159 1530 1235 1590 ad
1265 1550 1335 1590 ea
1360 1517 1645 1611 eligenda,
1674 1551 1808 1610 quae
1854 1531 2273 1592 dubitationem

325 1624 586 1690 afferunt,
615 1602 885 1680 adhibere
913 1620 1114 1679 doctos
1142 1621 1420 1690 homines,
1448 1622 1541 1680 vel
1568 1622 1745 1684 etiam
1776 1639 1889 1680 usu
1927 1622 2157 1700 peritoe,
2186 1630 2270 1694 et,

264 1714 297 1773 '1
326 1713 505 1792 quid
490 1713 556 1770 iis
583 1711 657 1770 de
685 1729 914 1790 quoque
953 1710 1120 1769 officii
1159 1729 1371 1789 genere
1416 1711 1657 1791 placeat,
1686 1701 1995 1815 exquirere.
2078 1712 2275 1791 Major

327 1803 476 1861 enim
503 1821 637 1880 pars
662 1820 734 1860 eo
759 1801 877 1860 fere
905 1800 1114 1860 deferri
1139 1801 1304 1870 solet,
1333 1820 1449 1879 quo
1474 1821 1513 1860 a
1536 1809 1742 1862 natura
1778 1802 1907 1880 ipsa
1945 1801 2269 1864 deducitur.

327 1893 400 1952 In
424 1893 630 1971 quibus
655 1890 968 1950 videndum
1006 1897 1110 1960 est,
1139 1910 1257 1950 non
1292 1891 1467 1952 modo
1504 1892 1645 1970 quid
1688 1892 1929 1971 quisque
1979 1891 2271 1970 loquatur,

327 1984 430 2042 sed
473 1983 643 2042 etiam
687 1981 827 2061 quid
867 1980 1107 2061 quisque
1150 1982 1376 2051 sentiat,
1408 1987 1583 2060 atque
1624 1981 1797 2043 etiam
1840 2001 1969 2065 qua·
1995 1981 2275 2063 deucausa

263 2081 299 2135 8
327 2074 566 2157 quisque
595 2073 817 2134 sentiat.
876 2072 962 2132 Ut
981 2072 1131 2132 enim
1151 2071 1419 2151 pictoreS,
1436 2079 1497 2131 et
1516 2072 1571 2141 ii,
1590 2072 1690 2151 qui
1702 2066 1879 2153 'signa
1897 2072 2270 2144 fabricantur,

325 2173 386 2225 et
411 2169 549 2225 vero
573 2160 746 2223 etiam
782 2170 990 2241 poetae,
1020 2182 1190 2222 suum
1215 2162 1455 2242 quisque
1482 2180 1629 2240 opus
1656 2182 1693 2221 a
1718 2162 1899 2241 vulgo
1925 2163 2275 2223 considerari

327 2256 469 2325 vult,
499 2262 584 2324 ut,
613 2254 661 2313 si
699 2252 838 2330 quid
873 2253 1285 2331 reprehensum
1331 2253 1405 2311 sit
1444 2271 1481 2311 a
1520 2252 1794 2330 pluribus,
1824 2252 1883 2311 id
1912 2253 2271 2333 corrigatur,
2256 2273 2270 2288 ·

326 2346 498 2425 hique
523 2350 584 2403 et
611 2360 823 2409 secum,
853 2348 913 2399 et
939 2361 1070 2399 cum
1097 2341 1237 2411 aliis,
1267 2342 1447 2420 quid
1432 2360 1491 2401 ιιι
1517 2361 1588 2401 eo
1615 2349 1919 2421 peccatum
1947 2343 2039 2413 sit,
2070 2345 2270 2423 exqui-

327 2441 498 2493 ι·ιιιιι;
539 2432 619 2490 sic
646 2430 885 2488 aliorum
905 2430 1124 2510 judicio
1163 2432 1453 2509 permulta
1478 2433 1643 2491 nobis
1672 2439 1732 2491 et
1756 2433 2037 2503 facienda,
2068 2440 2127 2493 et
2152 2453 2273 2529 non

327 2520 604 2589 facienda,
635 2526 695 2579 et
720 2519 1013 2589 mutanda,
1043 2528 1102 2579 et
1129 2521 1467 2600 corrigenda
1496 2529 1647 2583 sunt.
1692 2508 1803 2583 Q*

267 2620 306 2673 9
411 2612 558 2681 Quae
606 2628 742 2669 vero
795 2628 955 2668 more
1005 2616 1254 2689 agentur
1304 2612 1689 2715 institutisque
1742 2612 2015 2683 civilibuS,
2074 2613 2149 2675 de
2200 2613 2272 2673 iis

233 2710 304 2763 10
332 2700 468 2761 ιιιιιι]
497 2705 586 2759 est
607 2698 1070 2780 praecipiendum.
1154 2699 1265 2758 Illa
1290 2702 1441 2760 enim
1468 2702 1593 2781 ipsa
1619 2710 1917 2782 praecepta
1942 2709 2095 2763 sunt.
2140 2704 2270 2763 Nec

331 2809 678 2874 quemquam
716 2790 828 2849 hoc
855 2808 1044 2849 errore
1072 2788 1207 2849 duci
1246 2798 1490 2871 oportet,
1518 2799 1603 2862 ut,
1633 2793 1680 2851 si
1705 2793 1843 2871 quid
1870 2792 2137 2853 Socrates
2165 2802 2271 2853 aut

330 2881 666 2961 Aristippus
693 2886 891 2939 contra
913 2898 1134 2939 morem
1159 2880 1739 2961 consuetudinemque
1766 2882 1986 2943 civilem
2011 2883 2269 2953 fecerint,

231 2979 300 3032 11
331 2972 580 3033 locutive
605 2971 738 3040 sint,
763 2970 917 3029 idem
943 2970 1051 3029 sibi
1075 2970 1385 3029 arbitretur
1410 2971 1596 3032 licere.
1676 2972 1903 3051 Magnis
1931 2972 2013 3031 illi
2038 2980 2100 3032 et
2126 2972 2267 3032 divi-

329 3064 420 3122 nis
462 3062 624 3123 bonis
667 3062 816 3121 hanc
868 3060 1154 3119 licentiam
1193 3062 1659 3138 assequebantur.
1742 3062 2090 3140 Cynicorum
2130 3081 2269 3121 vero

229 3158 304 3211 12
331 3153 474 3211 ratio
513 3158 636 3210 tota
675 3156 763 3209 est
804 3149 1100 3229 ejicienda.
1183 3150 1292 3209 Est
1318 3150 1469 3211 enim
1494 3150 1719 3211 inimica
1742 3152 2119 3222 verecundiae,
2147 3151 2267 3211 sine

332 3258 450 3319 qua
486 3240 622 3299 nihil
662 3246 884 3298 rectum
921 3258 1047 3299 esse
1094 3246 1304 3318 potest,
1331 3240 1471 3300 nihil
1508 3242 1827 3302 honestum.
1907 3242 2025 3302 Eos
2052 3238 2267 3313 autem,

331 3348 577 3408 quorum
603 3328 722 3387 vita
763 3336 1066 3406 perspecta
1103 3329 1162 3388 in
1201 3331 1377 3389 rebus
1414 3331 1665 3391 honestis
1706 3338 1879 3409 atque
1906 3333 2129 3411 magnis
2158 3342 2269 3403 est,

332 3420 482 3479 bene
508 3417 584 3477 de
608 3436 672 3477 re
697 3416 928 3495 publica
951 3418 1277 3488 sentientes,
1304 3440 1373 3479 ac
1400 3421 1545 3480 bene
1571 3422 1805 3480 meritos
1832 3428 1934 3480 aut
1960 3430 2267 3493 merenteS,

331 3509 430 3579 sic,
458 3514 526 3567 ut
561 3507 751 3585 aliquo
793 3506 1006 3564 honore
1049 3513 1152 3568 aut
1201 3508 1438 3588 imperio
1477 3510 1727 3581 affectos,
1756 3511 2058 3570 observare
2084 3518 2145 3571 et
2174 3532 2269 3571 co-

329 3599 446 3659 lere
473 3598 781 3657 debemus:
807 3568 1070 3655 xtribuere
1095 3597 1266 3657 etiam
1306 3599 1550 3659 multum
1590 3601 1905 3661 senectuti:
1949 3601 2153 3661 cedere
2181 3602 2266 3671 iis,

329 3688 430 3769 qui
465 3687 864 3767 magistratum
902 3686 1228 3746 habebunt:
1274 3689 1485 3749 habere
1524 3689 1815 3751 delectum
1854 3690 1990 3751 civis
2017 3698 2077 3753 et
2102 3710 2267 3771 pero·

2470 1971 2473 2065 J

2468 2150 2470 2173 Ι

2464 2394 2468 2413 ι

2466 2492 2468 2505 ι
