2484 4175
251 310 330 366 82
1079 321 1158 364 nn
1199 319 1458 364 omens

355 459 416 512 et
441 451 746 532 prudentia
771 451 1116 530 consilioque
1137 449 1380 511 fidentis.
1460 438 1699 510 'l'em'ere
1718 457 1914 510 autem
1940 449 2000 509 in
2026 450 2145 510 acie
2164 469 2299 510 ver—

355 543 482 611 sari,
513 550 571 601 et
597 562 773 601 manu
811 561 944 602 cum
983 542 1149 600 hoste
1177 541 1499 620 confligere,
1528 539 1775 599 immane
1801 540 2074 619 quiddam
2103 549 2162 600 et
2188 543 2299 600 be-

355 631 579 691 luarum
619 633 798 692 simile
825 639 933 701 est,
961 631 1066 691 sed
1107 651 1240 690 cum
1280 638 1513 709 tempus
1552 630 1973 708 necessitasque
2015 631 2297 710 postulat,

351 722 765 782 decertandum
819 741 998 782 manu
1049 728 1155 792 est,
1201 728 1262 780 et
1314 739 1472 780 mors
1525 721 1785 782 servituti
1838 721 2298 800 turpitudinique

351 813 765 892 anteponenda.

431 993 649 1054 XXIV.
693 994 784 1052 De
811 992 1130 1054 evertendis
1165 999 1364 1055 autem
1390 991 1828 1071 diripiendisque
1854 991 2094 1053 urbibus
2120 991 2297 1052 valde

353 1083 830 1144 considerandum
857 1089 963 1154 est,
993 1102 1066 1144 ne
1093 1079 1232 1162 quid
1248 1076 1491 1152 :temera
1518 1101 1591 1160 ne
1619 1083 1759 1162 quid
1786 1082 2107 1142 crudeliter.
2188 1081 2293 1140 Id-

352 1192 465 1256 que
485 1181 575 1233 est
593 1174 698 1233 viri
717 1174 928 1254 magni,
947 1173 1122 1233 rebus
1143 1173 1396 1253 agitatis,
1419 1173 1618 1251 punire
1636 1179 1844 1241 sontes,
1864 1171 2293 1232 multitudinem

285 1269 322 1322 2
352 1283 704 1334 conservare,
725 1265 784 1323 in
799 1265 953 1324 omni
971 1265 1204 1323 fortuna
1222 1271 1382 1322 recta
1402 1271 1577 1341 atque
1604 1263 1845 1323 honesta
1864 1263 2121 1322 retinere.
2206 1262 2297 1321 Ut

349 1355 500 1413 enim
527 1361 677 1424 sunt,
707 1353 1194 1432 quemadmodum
1223 1371 1401 1432 supra
1426 1353 1558 1422 dixi,
1587 1353 1687 1431 qui
1710 1353 1941 1413 urbanis
1966 1353 2141 1412 rebus
2166 1353 2293 1412 bel-

349 1444 488 1522 licas
527 1450 912 1522 anteponant:
953 1443 1033 1501 sic
1065 1440 1323 1522 reperias
1346 1441 1592 1512 ‘multos‚
1622 1443 1832 1520 quibus
1872 1443 2190 1521 periculosa
2230 1451 2295 1502 et

349 1531 533 1592 calida
573 1533 802 1591 consilia
827 1532 1030 1610 quietis
1069 1539 1130 1590 et
1169 1532 1430 1635 cogitatis
1468 1540 1530 1591 et
1572 1532 1956 1614 splendidiora
1982 1539 2043 1592 et
2066 1533 2297 1611 majoia

348 1621 664 1681 videantur.
749 1623 1061 1700 Nunquam
1101 1623 1329 1681 omnino
1370 1623 1607 1700 periculi
1646 1620 1790 1702 fuga
1816 1622 2297 1682 committendum

283 1719 320 1770 8
349 1718 454 1780 est,
484 1718 552 1770 ut
588 1711 846 1771 imbelles
887 1712 1183 1790 timidique
1212 1712 1523 1772 videamur.
1606 1711 1725 1772 Sed
1764 1712 2102 1792 fugiendum
2145 1713 2294 1771 illud

347 1801 538 1870 etiam,
565 1821 638 1860 ne
665 1801 968 1860 offeramus
1011 1821 1116 1862 nos
1153 1802 1416 1881 periculis
1456 1802 1577 1861 sine
1606 1821 1811 1862 causa:
1854 1822 1970 1880 quo
1998 1822 2123 1862 esse
2150 1802 2295 1862 nihil

282 1897 320 1950 4
349 1899 540 1970 potest
561 1893 806 1953 stultius.
889 1893 1291 1974 Quapropter
1276 1913 1335 1952 m
1354 1892 1631 1952 adeundis
1652 1893 1916 1972 periculis
1934 1893 2295 1952 consuetudo

346 1982 618 2043 imitanda
657 1983 1009 2044 medicorum
1047 1990 1153 2053 est,
1183 1984 1282 2062 qui
1327 1982 1529 2043 leviter
1572 1990 1920 2062 aegrotantes
1958 1983 2165 2042 leniter
2192 2004 2294 2045 cu-

347 2081 492 2144 rant,
522 2075 875 2156 gravioribus
895 2083 1096 2135 'autem
1122 2074 1335 2135 morbis
1376 2073 1723 2153 periculosas
1751 2074 2072 2133 curationes
2100 2080 2163 2133 et
2190 2091 2291 2133 an·

281 2172 318 2225 5
349 2165 547 2245 cipites
573 2165 844 2227 adhibere
865 2173 1164 2245 coguntur.
1250 2166 1438 2235 Quare
1465 2165 1524 2223 in
1550 2165 1856 2243 tranquillo
1879 2172 2293 2242 tempestatem

345 2255 648 2315 adversam
685 2264 886 2335 optare
927 2254 1205 2313 dementis
1246 2261 1353 2322 est,
1382 2254 1681 2311 subvenire
1724 2261 1920 2313 autem·
1955 2256 2294 2333 tempestati

271 2396 274 2401 .
345 2346 543 2423 quavis
581 2344 798 2401 ratione
839 2342 1141 2420 sapientis:
1184 2361 1369 2418 eoque
1407 2342 1607 2420 magis,
1636 2342 1685 2399 si
1722 2343 1855 2420 plus
1882 2343 2200 2422 adipiscare
2226 2364 2291 2403 re

281 2438 319 2493 6
348 2432 632 2510 explicata
677 2432 827 2502 boni,
869 2449 1044 2508 quam
1081 2431 1424 2490 addubitata
1468 2431 1620 2490 mali.
1701 2432 2049 2493 Periculosae
2094 2442 2291 2495 autem

345 2540 539 2581 rerum
577 2522 826 2579 actiones
867 2520 1078 2598 partim
1115 2522 1182 2579 iis
1221 2527 1375 2590 sunt,
1422 2521 1521 2598 qui
1556 2540 1655 2580 eas
1696 2522 2029 2602 suscipiunt,
2076 2526 2289 2603 partim

343 2611 426 2668 rei
464 2609 727 2689 publicae.
809 2611 1073 2688 Itemque
1112 2611 1207 2670 alii
1246 2611 1321 2669 de
1348 2611 1484 2680 vita,
1513 2611 1608 2670 alii
1647 2612 1723 2671 de
1761 2613 1945 2691 gloria
1970 2621 2030 2673 et
2054 2614 2289 2675 benivo-

280 2700 316 2761 ’1
344 2700 520 2759 lentia
545 2700 752 2760 civim
777 2700 837 2759 in
863 2699 1167 2760 discrimen
1191 2708 1487 2761 vocantur.
1568 2702 1957 2781 Promptiores
1983 2704 2160 2783 igitur
2186 2706 2288 2765 de-

344 2792 548 2851 bemus
587 2808 712 2849 esse
754 2791 831 2850 ad
879 2797 1074 2850 nostra
1118 2792 1389 2871 pericula,
1417 2811 1593 2871 quam
1632 2792 1710 2852 ad
1750 2795 2091 2864 communia,
2121 2794 2287 2855 dimi·

345 2900 587 2962 cai-eque
626 2882 882 2962 paratius
909 2880 982 2940 de
1009 2882 1225 2942 honore
1253 2890 1313 2942 et
1340 2882 1539 2963 gloria,
1567 2902 1739 2961 quam
1783 2883 1857 2942 de
1898 2885 2099 2943 ceteris
2127 2904 2285 2945 com-

281 2980 316 3033 8
344 2974 544 3034 modis.
625 2973 852 3035 Inventi
878 2978 1072 3033 autem
1097 2973 1268 3032 multi
1294 2980 1444 3042 sunt,
1473 2973 1573 3052 qui
1610 2992 1725 3032 non
1750 2973 1925 3032 modo
1960 2975 2284 3053 pecuniam,

344 3065 448 3123 sed
475 3066 648 3125 etiam
675 3065 853 3124 vitam
893 3064 1239 3143 profundere
1280 3082 1387 3143 pro
1432 3064 1620 3142 patria
1659 3064 1846 3142 parati
1872 3072 2078 3135 essent,
2106 3065 2287 3125 iidem

343 3154 543 3231 gloriae
583 3154 868 3233 jacturam
910 3173 983 3213 ne
1025 3155 1321 3213 minimam
1360 3153 1591 3232 quidem
1630 3154 1821 3213 facere
1860 3154 2087 3224 vellent,
2117 3174 2190 3214 ne
2220 3176 2288 3216 re

281 3250 316 3303 9
345 3244 578 3322 publica
604 3244 836 3320 quidem
857 3246 1253 3327 postulante„3
1268 3244 1332 3332 ‚U
1334 3252 1359 3303 t
1374 3244 1784 3315 Callicratidas,
1809 3244 1923 3324 qui,
1948 3264 2081 3303 cum
2102 3245 2283 3305 Lace-

343 3333 752 3393 daemoniorum
777 3334 896 3391 dux
922 3334 1124 3391 fuisset
1147 3334 1635 3413 Peloponnesiaco
1675 3334 1846 3403 bello,
1874 3334 2169 3412 multaque
2196 3335 2283 3395 fe-

344 3423 514 3482 cisset
551 3422 797 3500 egregie,
827 3423 996 3479 vertit
1034 3422 1109 3481 ad
1149 3431 1470 3482 extremum
1510 3424 1715 3493 omnia,
1746 3444 1880 3481 cum
1907 3426 2138 3484 consilio
2162 3444 2282 3485 non

343 3512 536 3591 paruit
569 3530 784 3578 eorum,
814 3510 913 3589 qui
953 3512 1193 3569 classem
1234 3513 1309 3571 ab
1349 3513 1682 3591 Arginussis
1722 3516 2141 3583 removendam,
2168 3534 2281 3575 nec

344 3619 478 3660 cum
502 3599 950 3658 Atheniensibus
990 3599 1376 3657 dimicandum
1414 3602 1713 3679 putabant.
1797 3602 2018 3671 Quibus
2056 3604 2151 3662 ille
2186 3623 2279 3663 re·

345 3688 596 3769 spondit,
642 3687 1121 3756 Lacedaemonios,
1177 3687 1361 3748 classe
1412 3688 1513 3747 illa
1569 3690 1794 3759 amissa,
1848 3691 2019 3752 aliam
2071 3710 2279 3773 parare
