2484 4175
237 291 316 346 86
1066 301 1144 342 nn
1183 299 1441 344 omens

273 441 310 494 2
337 433 830 512 perturbationum
855 430 1044 501 animi,
1072 438 1134 490 et
1157 451 1353 490 rerum
1390 429 1599 490 modus
1638 431 1905 491 cernitur.
1988 431 2119 490 Hoc
2148 431 2281 490 loco

337 524 666 583 continetur
691 522 770 592 id,
797 522 956 600 quod
982 522 1094 582 dici
1133 523 1335 580 Latine
1376 522 1417 581 d
1434 541 1467 580 e
1484 542 1517 580 c
1534 540 1749 580 orum
1789 529 2019 600 potest:
2066 523 2281 581 Graece

335 615 487 673 enim
528 617 721 696 «ςέτον
765 613 989 672 dicitur.
1072 612 1267 690 Hujus
1292 612 1379 671 vis
1418 629 1488 670 ea
1526 617 1631 680 est,
1662 619 1731 670 ut
1770 613 1843 671 ab
1880 612 2121 670 honesto
2160 630 2283 672 non

333 710 510 782 queat
535 704 802 783 separari.
871 703 1027 761 Nam
1050 709 1114 762 et
1139 702 1297 781 quod
1324 702 1509 772 decet,
1538 703 1845 761 honestum
1872 709 1994 770 est3
2032 708 2093 761 et
2119 701 2281 780 quod

270 801 308 854 8
335 795 641 854 honestum
679 800 786 862 est,
827 791 1011 852 decet.
1093 792 1292 862 Qualis
1334 798 1532 851 autem
1571 792 1889 851 differentia
1928 792 2003 852 sit
2050 792 2281 851 honesti

333 890 396 943 et
419 883 628 952 decori,
656 882 876 942 facilius
901 882 1153 961 intelligi,
1181 901 1357 960 quam
1382 881 1673 961 explanari
1699 889 1907 961 potest.
1990 881 2281 961 Quicquid

335 981 426 1032 est
463 973 632 1043 enim,
663 973 824 1052 quod
863 972 1085 1043 deceat,
1111 972 1174 1031 id
1199 979 1325 1030 tum
1366 979 1625 1051 apparet,
1656 991 1789 1031 cum
1828 979 2162 1051 antegressa
2188 979 2282 1032 est

267 1067 306 1122 4
333 1064 620 1124 honestas.
666 1104 674 1115 -
702 1065 909 1141 Itaque
935 1081 1051 1121 non
1075 1061 1265 1121 solum
1290 1062 1349 1120 in
1374 1062 1483 1120 hac
1510 1067 1677 1140 parte
1706 1062 2036 1131 honestatis,
2058 1062 2134 1120 de
2160 1081 2283 1140 qua

333 1155 444 1213 hoc
482 1154 612 1213 loco
651 1153 1044 1212 disserendum
1083 1159 1192 1221 est,
1221 1151 1327 1210 sed
1366 1151 1539 1211 etiam
1564 1151 1623 1210 in
1648 1151 1833 1228 tribus
1870 1151 2279 1230 superioribus,

267 1251 305 1306 5
333 1245 473 1324 quid
513 1245 736 1314 deceat,
777 1251 1037 1323 apparet.
1093 1243 1181 1302 *N
1181 1261 1278 1301 am
1318 1249 1379 1300 et
1418 1241 1634 1301 ratione
1674 1243 1759 1302 uti
1802 1249 1977 1320 atque
2020 1243 2281 1301 oratione

333 1335 663 1415 prudenter,
693 1341 754 1394 et
777 1352 966 1412 agere,
997 1333 1156 1411 quod
1199 1352 1360 1411 agas,
1390 1332 1763 1402 considerate,
1790 1333 2055 1410 omnique
2094 1332 2155 1392 in
2194 1351 2281 1401 re,

333 1426 470 1502 quid
507 1426 581 1482 sit
609 1425 742 1492 veri,
772 1423 968 1481 videre
1006 1429 1067 1481 et
1103 1422 1255 1480 tueri
1294 1423 1495 1481 decet:
1540 1429 1853 1500 contraque
1887 1423 2025 1492 falli,
2066 1440 2280 1492 errare,

333 1514 466 1582 labi,
485 1513 672 1591 decipi
696 1519 818 1570 tam
843 1511 1105 1579 dedecet,
1123 1529 1301 1589 quam
1320 1511 1561 1570 delirare
1580 1519 1640 1571 et
1659 1519 1851 1572 mente
1871 1532 1997 1572 esse
2020 1519 2279 1591 captum.

269 1609 307 1664 6
333 1603 412 1662 Et
452 1603 610 1681 justa
649 1601 839 1660 omnia
880 1600 1091 1660 decora
1131 1608 1297 1670 sunt3
1338 1602 1551 1680 injusta
1590 1609 1805 1671 contra,
1848 1609 1917 1661 ut
1954 1604 2166 1680 turpia,
2198 1603 2282 1661 sic

333 1685 616 1751 indecora.
697 1691 906 1749 Similis
933 1697 1023 1749 est
1049 1691 1190 1750 ratio
1225 1691 1591 1750 fortitudinis.
1674 1692 1844 1762 Quod
1870 1693 2020 1752 enim
2046 1693 2283 1752 viriliter

334 1783 636 1860 animoque
674 1799 886 1859 magno
925 1781 1007 1850 fit,
1049 1781 1109 1839 id
1149 1780 1389 1860 dignum
1428 1781 1551 1840 viro
1594 1788 1655 1840 et
1697 1782 1970 1841 decorum
2010 1782 2279 1842 videtur:

270 1871 306 1932 '1
335 1872 492 1950 quod
535 1878 749 1940 contra,
793 1871 854 1929 id
898 1851 965 1929 ist
1003 1879 1192 1950 turpe,
1235 1871 1319 1929 sic
1362 1870 1711 1931 indecorum.
1794 1873 1985 1945 Quare
2027 1872 2285 1950 pertinet

335 1961 568 2041 quidem
593 1961 668 2020 ad
697 1980 922 2020 omnem
950 1961 1310 2022 honestatem
1346 1962 1477 2030 hoc,
1508 1961 1663 2040 quod
1692 1961 1837 2031 dico,
1866 1962 2175 2020 decorum:
2218 1969 2283 2023 et

335 2053 417 2113 ita
440 2053 704 2133 pertinet,
731 2060 800 2113 ut
825 2072 939 2112 non
977 2051 1275 2113 recondita
1315 2050 1567 2132 quadam
1604 2052 1821 2113 ratione
1862 2059 2141 2122 cernatur,
2172 2052 2281 2112 sed

271 2152 310 2205 8
339 2145 414 2204 sit
451 2145 508 2203 in
548 2150 838 2224 promptu„
921 2144 1029 2203 Est
1075 2144 1225 2202 enim
1272 2143 1565 2220 quiddam,
1614 2142 1790 2221 idque
1834 2142 2170 2222 intelligitur
2220 2143 2283 2203 in

337 2234 489 2294 omni
513 2236 740 2303 virtute,
769 2233 928 2311 quod
954 2233 1194 2293 deceat:
1236 2232 1395 2311 quod
1422 2222 1766 2310 cogitatione
1792 2233 1974 2312 magis
2002 2252 2039 2291 a
2062 2233 2283 2293 virtute

273 2330 309 2386 9
339 2330 532 2402 potest
555 2342 731 2401 quam
755 2342 820 2380 re
847 2322 1112 2400 separari.
1196 2322 1283 2379 Ut
1309 2328 1579 2379 venustas
1599 2329 1659 2379 et
1684 2322 2052 2400 pulchritudo
2073 2341 2281 2401 corpo-

337 2415 414 2472 ris
441 2414 656 2471 secerni
673 2430 789 2469 non
815 2417 1009 2489 potest
1035 2430 1070 2468 a
1095 2410 1451 2470 valetudine:
1482 2411 1563 2469 sic
1584 2410 1713 2478 hoc,
1738 2413 1813 2470 de
1832 2432 1948 2490 quo
1967 2414 2279 2491 loquimur,

337 2503 627 2570 decorum,
655 2508 844 2559 totum
883 2500 1027 2559 illud
1053 2500 1284 2577 quidem
1312 2506 1401 2557 est
1428 2519 1561 2559 cum
1584 2500 1795 2560 virtute
1824 2504 2141 2573 confusum,
2170 2505 2279 2563 sed
2366 2498 2375 2509 ’

337 2598 529 2653 mente
555 2596 616 2651 et
641 2590 984 2670 cogitatione
1011 2590 1397 2669 distinguitur.

235 2778 312 2834 10
418 2772 526 2830 &t
577 2777 772 2829 autem
823 2770 945 2830 eius
997 2769 1305 2848 descriptio
1357 2771 1590 2850 duplex.
1688 2772 1843 2831 Nam
1896 2779 1955 2831 et
2006 2774 2277 2852 generale

337 2862 632 2950 quoddam
657 2860 930 2921 decorum
953 2861 1334 2940 intelligimus,
1362 2862 1522 2940 quod
1546 2863 1607 2922 in
1632 2864 1784 2923 omni
1822 2864 2121 2922 honestate
2146 2884 2275 2923 ver-

340 2961 531 3013 satur:
573 2959 634 3012 et
670 2951 829 3012 aliud
869 2952 1003 3012 huic
1043 2952 1385 3031 subjectum,
1415 2953 1573 3033 quod
1614 2953 1861 3031 pertinet
1898 2952 1974 3011 ad
2014 2953 2277 3031 singulas

240 3050 308 3103 11
341 3051 534 3123 partes
553 3042 884 3104 honestatis.
945 3043 1146 3121 Atque
1169 3042 1316 3118 ‚illud
1342 3043 1605 3121 superius
1620 3042 1699 3103 sic
1714 3040 1833 3101 fere
1862 3042 2077 3101 definiri
2094 3043 2273 3103 solet:

289 3160 294 3165 ·
341 3134 615 3193 decorum
653 3134 713 3193 id
751 3152 895 3203 esse,
923 3133 1080 3211 quod
1119 3123 1562 3193 consentaneum
1600 3133 1675 3191 sit
1714 3132 1954 3191 hominis
1994 3132 2275 3193 excellen-

341 3224 470 3291 tiae,
497 3223 558 3281 in
595 3242 682 3292 e0,
709 3224 770 3281 in
808 3242 924 3301 quo
962 3229 1166 3281 natura
1205 3224 1333 3302 ejus
1358 3241 1395 3280 a
1426 3222 1652 3301 reliquis
1690 3221 2067 3281 animantibus
2110 3222 2275 3281 diffe-

244 3318 314 3371 12
343 3319 450 3371 rat.
521 3313 668 3381 Quae
697 3318 890 3370 autem
917 3330 1052 3389 pars
1077 3312 1342 3390 subjecta
1366 3312 1565 3392 generi
1588 3319 1696 3382 est,
1716 3330 1845 3370 eam
1872 3311 1951 3371 sic
1978 3311 2273 3381 definiunt,

341 3409 411 3462 ut
447 3402 508 3460 id
549 3401 823 3460 decorum
864 3401 1038 3459 velint
1077 3420 1220 3471 esse,
1250 3403 1407 3479 quod
1447 3402 1528 3460 ita
1568 3408 1789 3459 naturae
1833 3409 2277 3461 consentaneum

343 3492 435 3560 sit,
465 3499 533 3550 ut
555 3492 614 3550 in
641 3508 711 3549 eo
735 3490 1050 3548 moderatio
1087 3498 1146 3549 et
1183 3492 1562 3567 temperantia
1599 3498 1876 3570 appareat
1916 3511 2047 3550 eum
2086 3492 2277 3569 specie

345 3582 596 3658 quadam
633 3579 866 3639 liberali.
947 3579 1230 3637 XXVIII.
1277 3580 1425 3637 Haec
1464 3581 1545 3639 ita
1580 3580 1818 3659 intelligi
1844 3599 2151 3659 possumus
2177 3598 2277 3638 ex-

343 3670 596 3729 istimare
623 3688 696 3729 ex
719 3686 792 3726 eo
817 3667 1046 3735 decoro,
1073 3666 1230 3744 quod
1273 3674 1461 3746 poetoe
1502 3674 1855 3746 sequuntur:
1896 3669 1973 3727 de
2008 3688 2127 3748 quo
2166 3668 2279 3729 alio
