<?xml version="1.0" encoding="UTF-8"?>
<!DOCTYPE html PUBLIC "-//W3C//DTD XHTML 1.0 Transitional//EN"
    "http://www.w3.org/TR/xhtml1/DTD/xhtml1-transitional.dtd">
<html xmlns="http://www.w3.org/1999/xhtml" xml:lang="en" lang="en">
 <head>
  <title>
</title>
<meta http-equiv="Content-Type" content="text/html;charset=utf-8" />
  <meta name='ocr-system' content='tesseract 3.04.00' />
  <meta name='ocr-capabilities' content='ocr_page ocr_carea ocr_par ocr_line ocrx_word'/>
</head>
<body>
  <div class='ocr_page' id='page_1' title='image "./mtulliciceronis00unkngoog_0101.png"; bbox 0 0 2484 4175; ppageno 0'>
   <div class='ocr_carea' id='block_1_1' title="bbox 878 300 2221 354">
    <p class='ocr_par' dir='ltr' id='par_1_1' title="bbox 878 300 2221 354">
     <span class='ocr_line' id='line_1_1' title="bbox 878 300 2221 354; baseline 0 0"><span class='ocrx_word' id='word_1_1' title='bbox 878 315 1052 354; x_wconf 76' lang='lat' dir='ltr'><strong>unna</strong></span> <span class='ocrx_word' id='word_1_2' title='bbox 1075 313 1138 353; x_wconf 88' lang='lat'><strong>11.</strong></span> <span class='ocrx_word' id='word_1_3' title='bbox 1221 311 1357 354; x_wconf 67' lang='lat' dir='ltr'><strong>cn.</strong></span> <span class='ocrx_word' id='word_1_4' title='bbox 1386 313 1522 354; x_wconf 82' lang='lat' dir='ltr'><strong>xxv.</strong></span> <span class='ocrx_word' id='word_1_5' title='bbox 2144 300 2221 354; x_wconf 74' lang='lat'><strong>8⁵</strong></span> 
     </span>
    </p>
   </div>
   <div class='ocr_carea' id='block_1_2' title="bbox 175 440 2223 1580">
    <p class='ocr_par' dir='ltr' id='par_1_2' title="bbox 175 440 2223 1580">
     <span class='ocr_line' id='line_1_2' title="bbox 177 440 2117 521; baseline -0.002 -20"><span class='ocrx_word' id='word_1_6' title='bbox 177 442 312 501; x_wconf 68' lang='lat' dir='ltr'><strong>esse</strong></span> <span class='ocrx_word' id='word_1_7' title='bbox 355 462 392 502; x_wconf 86' lang='lat' dir='ltr'><strong>a</strong></span> <span class='ocrx_word' id='word_1_8' title='bbox 434 441 706 511; x_wconf 64' lang='lat' dir='ltr'><strong>Panmtio,</strong></span> <span class='ocrx_word' id='word_1_9' title='bbox 734 442 1074 502; x_wconf 83' lang='lat' dir='ltr'><strong>valetudinis</strong></span> <span class='ocrx_word' id='word_1_10' title='bbox 1113 441 1479 510; x_wconf 88' lang='lat' dir='ltr'><strong>curationem,</strong></span> <span class='ocrx_word' id='word_1_11' title='bbox 1510 449 1571 501; x_wconf 87' lang='lat' dir='ltr'><strong>et</strong></span> <span class='ocrx_word' id='word_1_12' title='bbox 1598 441 1870 521; x_wconf 77' lang='lat' dir='ltr'><strong>pecunioe.</strong></span> <span class='ocrx_word' id='word_1_13' title='bbox 1952 440 2117 507; x_wconf 83' lang='lat' dir='ltr'><strong>Quas</strong></span> 
     </span>
     <span class='ocr_line' id='line_1_3' title="bbox 175 530 2115 610; baseline -0.002 -20"><span class='ocrx_word' id='word_1_14' title='bbox 175 552 274 590; x_wconf 91' lang='lat' dir='ltr'><strong>res</strong></span> <span class='ocrx_word' id='word_1_15' title='bbox 300 552 339 590; x_wconf 91' lang='lat' dir='ltr'><strong>a</strong></span> <span class='ocrx_word' id='word_1_16' title='bbox 365 552 590 592; x_wconf 86' lang='lat' dir='ltr'><strong>summo</strong></span> <span class='ocrx_word' id='word_1_17' title='bbox 617 532 956 610; x_wconf 87' lang='lat' dir='ltr'><strong>philosopho</strong></span> <span class='ocrx_word' id='word_1_18' title='bbox 997 531 1317 610; x_wconf 79' lang='lat' dir='ltr'><strong>praeteritas</strong></span> <span class='ocrx_word' id='word_1_19' title='bbox 1343 532 1601 600; x_wconf 83' lang='lat' dir='ltr'><strong>arbitror,</strong></span> <span class='ocrx_word' id='word_1_20' title='bbox 1634 531 1791 609; x_wconf 88' lang='lat' dir='ltr'><strong>quod</strong></span> <span class='ocrx_word' id='word_1_21' title='bbox 1818 537 2009 590; x_wconf 84' lang='lat' dir='ltr'><strong>essent</strong></span> <span class='ocrx_word' id='word_1_22' title='bbox 2028 530 2115 610; x_wconf 41' lang='lat' dir='ltr'><strong>,fa-</strong></span> 
     </span>
     <span class='ocr_line' id='line_1_4' title="bbox 177 619 2181 682; baseline -0 -1"><span class='ocrx_word' id='word_1_23' title='bbox 177 622 352 682; x_wconf 76' lang='lat' dir='ltr'><strong>cilest</strong></span> <span class='ocrx_word' id='word_1_24' title='bbox 394 629 528 681; x_wconf 88' lang='lat' dir='ltr'><strong>sunt</strong></span> <span class='ocrx_word' id='word_1_25' title='bbox 554 629 708 681; x_wconf 88' lang='lat' dir='ltr'><strong>certe</strong></span> <span class='ocrx_word' id='word_1_26' title='bbox 734 623 918 680; x_wconf 78' lang='lat' dir='ltr'><strong>utiles,</strong></span> <span class='ocrx_word' id='word_1_27' title='bbox 989 621 1108 681; x_wconf 82' lang='lat' dir='ltr'><strong>Sed</strong></span> <span class='ocrx_word' id='word_1_28' title='bbox 1128 620 1401 680; x_wconf 83' lang='lat' dir='ltr'><strong>valetudo</strong></span> <span class='ocrx_word' id='word_1_29' title='bbox 1426 627 1779 680; x_wconf 77' lang='lat' dir='ltr'><strong>sustentatur</strong></span> <span class='ocrx_word' id='word_1_30' title='bbox 1804 620 2003 679; x_wconf 85' lang='lat' dir='ltr'><strong>notitia</strong></span> <span class='ocrx_word' id='word_1_31' title='bbox 2028 619 2117 679; x_wconf 91' lang='lat' dir='ltr'><strong>sui</strong></span> <span class='ocrx_word' id='word_1_32' title='bbox 2144 625 2181 680; x_wconf 76' lang='lat'><em>9</em></span> 
     </span>
     <span class='ocr_line' id='line_1_5' title="bbox 177 710 2119 790; baseline -0.001 -20"><span class='ocrx_word' id='word_1_33' title='bbox 177 713 470 790; x_wconf 78' lang='lat' dir='ltr'><strong>corporis3</strong></span> <span class='ocrx_word' id='word_1_34' title='bbox 511 719 572 770; x_wconf 89' lang='lat' dir='ltr'><strong>et</strong></span> <span class='ocrx_word' id='word_1_35' title='bbox 599 712 1006 779; x_wconf 82' lang='lat' dir='ltr'><strong>observatione,</strong></span> <span class='ocrx_word' id='word_1_36' title='bbox 1038 731 1169 788; x_wconf 82' lang='lat' dir='ltr'><strong>quae</strong></span> <span class='ocrx_word' id='word_1_37' title='bbox 1201 729 1293 769; x_wconf 85' lang='lat' dir='ltr'><strong>res</strong></span> <span class='ocrx_word' id='word_1_38' title='bbox 1320 717 1421 768; x_wconf 88' lang='lat' dir='ltr'><strong>aut</strong></span> <span class='ocrx_word' id='word_1_39' title='bbox 1447 710 1723 789; x_wconf 77' lang='lat' dir='ltr'>prodesse</span> <span class='ocrx_word' id='word_1_40' title='bbox 1749 712 1987 781; x_wconf 79' lang='lat' dir='ltr'><strong>soleant,</strong></span> <span class='ocrx_word' id='word_1_41' title='bbox 2016 715 2119 768; x_wconf 91' lang='lat' dir='ltr'><strong>aut</strong></span> 
     </span>
     <span class='ocr_line' id='line_1_6' title="bbox 179 799 2119 878; baseline -0.002 -18"><span class='ocrx_word' id='word_1_42' title='bbox 179 803 422 871; x_wconf 86' lang='lat' dir='ltr'><strong>obesse,</strong></span> <span class='ocrx_word' id='word_1_43' title='bbox 407 822 420 834; x_wconf 95' lang='lat'><strong>·</strong></span> <span class='ocrx_word' id='word_1_44' title='bbox 463 808 522 860; x_wconf 91' lang='lat' dir='ltr'><strong>et</strong></span> <span class='ocrx_word' id='word_1_45' title='bbox 563 801 904 860; x_wconf 79' lang='lat' dir='ltr'><strong>continentia</strong></span> <span class='ocrx_word' id='word_1_46' title='bbox 945 801 1004 859; x_wconf 89' lang='lat' dir='ltr'><strong>in</strong></span> <span class='ocrx_word' id='word_1_47' title='bbox 1041 801 1200 859; x_wconf 84' lang='lat' dir='ltr'><strong>victu</strong></span> <span class='ocrx_word' id='word_1_48' title='bbox 1237 799 1393 860; x_wconf 84' lang='lat' dir='ltr'><strong>omni</strong></span> <span class='ocrx_word' id='word_1_49' title='bbox 1431 807 1605 878; x_wconf 88' lang='lat' dir='ltr'><strong>atque</strong></span> <span class='ocrx_word' id='word_1_50' title='bbox 1645 801 1823 869; x_wconf 87' lang='lat' dir='ltr'><strong>cultu,</strong></span> <span class='ocrx_word' id='word_1_51' title='bbox 1865 799 2119 878; x_wconf 86' lang='lat' dir='ltr'><strong>corporis</strong></span> 
     </span>
     <span class='ocr_line' id='line_1_7' title="bbox 177 889 2117 969; baseline -0.001 -21"><span class='ocrx_word' id='word_1_52' title='bbox 177 892 382 950; x_wconf 89' lang='lat' dir='ltr'><strong>tuendi</strong></span> <span class='ocrx_word' id='word_1_53' title='bbox 401 909 606 960; x_wconf 82' lang='lat' dir='ltr'><strong>causa3</strong></span> <span class='ocrx_word' id='word_1_54' title='bbox 633 897 694 949; x_wconf 89' lang='lat' dir='ltr'><strong>et</strong></span> <span class='ocrx_word' id='word_1_55' title='bbox 713 889 1212 968; x_wconf 69' lang='lat' dir='ltr'><strong>praetermittendis</strong></span> <span class='ocrx_word' id='word_1_56' title='bbox 1239 889 1661 968; x_wconf 77' lang='lat' dir='ltr'><strong>voluptatibus3</strong></span> <span class='ocrx_word' id='word_1_57' title='bbox 1688 896 1977 969; x_wconf 86' lang='lat' dir='ltr'><strong>postremo</strong></span> <span class='ocrx_word' id='word_1_58' title='bbox 1995 895 2117 947; x_wconf 86' lang='lat' dir='ltr'><strong>arte</strong></span> 
     </span>
     <span class='ocr_line' id='line_1_8' title="bbox 179 979 2223 1084; baseline 0 -46"><span class='ocrx_word' id='word_1_59' title='bbox 179 999 398 1048; x_wconf 87' lang='lat' dir='ltr'><strong>eorum,</strong></span> <span class='ocrx_word' id='word_1_60' title='bbox 429 1000 672 1084; x_wconf 78' lang='lat' dir='ltr'><strong>quorum</strong></span> <span class='ocrx_word' id='word_1_61' title='bbox 699 980 774 1038; x_wconf 90' lang='lat' dir='ltr'><strong>ad</strong></span> <span class='ocrx_word' id='word_1_62' title='bbox 815 979 1106 1038; x_wconf 82' lang='lat' dir='ltr'><strong>scientiam</strong></span> <span class='ocrx_word' id='word_1_63' title='bbox 1133 979 1261 1037; x_wconf 80' lang='lat' dir='ltr'><strong>hoec</strong></span> <span class='ocrx_word' id='word_1_64' title='bbox 1290 979 1589 1058; x_wconf 87' lang='lat' dir='ltr'><strong>pertinent.</strong></span> <span class='ocrx_word' id='word_1_65' title='bbox 1670 980 1789 1038; x_wconf 84' lang='lat' dir='ltr'><strong>Res</strong></span> <span class='ocrx_word' id='word_1_66' title='bbox 1814 987 2007 1038; x_wconf 81' lang='lat' dir='ltr'><strong>autem</strong></span> <span class='ocrx_word' id='word_1_67' title='bbox 2032 979 2223 1038; x_wconf 60' lang='lat' dir='ltr'><strong>fet-10</strong></span> 
     </span>
     <span class='ocr_line' id='line_1_9' title="bbox 177 1068 2117 1149; baseline -0.001 -21"><span class='ocrx_word' id='word_1_68' title='bbox 177 1071 410 1130; x_wconf 88' lang='lat' dir='ltr'><strong>miliaris</strong></span> <span class='ocrx_word' id='word_1_69' title='bbox 430 1070 612 1149; x_wconf 77' lang='lat' dir='ltr'><strong>quaeri</strong></span> <span class='ocrx_word' id='word_1_70' title='bbox 638 1069 848 1129; x_wconf 89' lang='lat' dir='ltr'><strong>debet&#39;</strong></span> <span class='ocrx_word' id='word_1_71' title='bbox 834 1070 900 1128; x_wconf 73' lang='lat' dir='ltr'><strong>ris</strong></span> <span class='ocrx_word' id='word_1_72' title='bbox 927 1071 1116 1138; x_wconf 85' lang='lat' dir='ltr'><strong>rebus,</strong></span> <span class='ocrx_word' id='word_1_73' title='bbox 1138 1087 1175 1126; x_wconf 93' lang='lat' dir='ltr'><strong>a</strong></span> <span class='ocrx_word' id='word_1_74' title='bbox 1195 1069 1402 1147; x_wconf 89' lang='lat' dir='ltr'><strong>quibus</strong></span> <span class='ocrx_word' id='word_1_75' title='bbox 1430 1069 1599 1127; x_wconf 88' lang='lat' dir='ltr'><strong>abest</strong></span> <span class='ocrx_word' id='word_1_76' title='bbox 1623 1068 1953 1146; x_wconf 80' lang='lat' dir='ltr'><strong>turpitudo.</strong></span> <span class='ocrx_word' id='word_1_77' title='bbox 1986 1085 2117 1126; x_wconf 89' lang='lat' dir='ltr'><strong>con·</strong></span> 
     </span>
     <span class='ocr_line' id='line_1_10' title="bbox 177 1157 2115 1238; baseline -0.002 -18"><span class='ocrx_word' id='word_1_78' title='bbox 177 1161 398 1220; x_wconf 80' lang='lat' dir='ltr'><strong>semri</strong></span> <span class='ocrx_word' id='word_1_79' title='bbox 435 1167 630 1220; x_wconf 84' lang='lat' dir='ltr'><strong>autem</strong></span> <span class='ocrx_word' id='word_1_80' title='bbox 667 1160 960 1238; x_wconf 80' lang='lat' dir='ltr'><strong>diligentia</strong></span> <span class='ocrx_word' id='word_1_81' title='bbox 987 1166 1046 1218; x_wconf 91' lang='lat' dir='ltr'><strong>et</strong></span> <span class='ocrx_word' id='word_1_82' title='bbox 1072 1159 1445 1236; x_wconf 81' lang='lat' dir='ltr'><strong>parsimonia·</strong></span> <span class='ocrx_word' id='word_1_83' title='bbox 1486 1157 1703 1216; x_wconf 84' lang='lat' dir='ltr'><strong>eisdem</strong></span> <span class='ocrx_word' id='word_1_84' title='bbox 1742 1157 1915 1216; x_wconf 91' lang='lat' dir='ltr'><strong>etiam</strong></span> <span class='ocrx_word' id='word_1_85' title='bbox 1941 1158 2115 1216; x_wconf 85' lang='lat' dir='ltr'><strong>rebus</strong></span> 
     </span>
     <span class='ocr_line' id='line_1_11' title="bbox 177 1247 2218 1330; baseline 0 -22"><span class='ocrx_word' id='word_1_86' title='bbox 177 1251 396 1330; x_wconf 75' lang='lat' dir='ltr'><strong>augeri.</strong></span> <span class='ocrx_word' id='word_1_87' title='bbox 442 1281 449 1287; x_wconf 95' lang='lat'>·</span> <span class='ocrx_word' id='word_1_88' title='bbox 481 1251 606 1308; x_wconf 87' lang='lat' dir='ltr'><strong>Has</strong></span> <span class='ocrx_word' id='word_1_89' title='bbox 629 1269 722 1309; x_wconf 87' lang='lat' dir='ltr'><strong>res</strong></span> <span class='ocrx_word' id='word_1_90' title='bbox 747 1248 1202 1309; x_wconf 72' lang='lat' dir='ltr'><strong>commodissime</strong></span> <span class='ocrx_word' id='word_1_91' title='bbox 1227 1248 1551 1326; x_wconf 80' lang='lat' dir='ltr'><strong>Xenophon</strong></span> <span class='ocrx_word' id='word_1_92' title='bbox 1576 1247 1901 1306; x_wconf 83' lang='lat' dir='ltr'><strong>Socraticus</strong></span> <span class='ocrx_word' id='word_1_93' title='bbox 1927 1251 2218 1324; x_wconf 81' lang='lat' dir='ltr'><strong>perse-11</strong></span> 
     </span>
     <span class='ocr_line' id='line_1_12' title="bbox 177 1336 2119 1417; baseline -0.002 -17"><span class='ocrx_word' id='word_1_94' title='bbox 177 1349 356 1400; x_wconf 89' lang='lat' dir='ltr'><strong>cutus</strong></span> <span class='ocrx_word' id='word_1_95' title='bbox 379 1346 470 1399; x_wconf 87' lang='lat' dir='ltr'><strong>est</strong></span> <span class='ocrx_word' id='word_1_96' title='bbox 493 1341 554 1398; x_wconf 88' lang='lat' dir='ltr'><strong>iu</strong></span> <span class='ocrx_word' id='word_1_97' title='bbox 577 1359 648 1399; x_wconf 90' lang='lat' dir='ltr'><strong>eo</strong></span> <span class='ocrx_word' id='word_1_98' title='bbox 673 1341 836 1408; x_wconf 87' lang='lat' dir='ltr'><strong>libro,</strong></span> <span class='ocrx_word' id='word_1_99' title='bbox 865 1339 964 1417; x_wconf 88' lang='lat' dir='ltr'><strong>qui</strong></span> <span class='ocrx_word' id='word_1_100' title='bbox 989 1338 1399 1398; x_wconf 85' lang='lat' dir='ltr'><strong>OEconomicus</strong></span> <span class='ocrx_word' id='word_1_101' title='bbox 1422 1336 1775 1398; x_wconf 74' lang='lat' dir='ltr'><strong>inscribitur:</strong></span> <span class='ocrx_word' id='word_1_102' title='bbox 1816 1355 1987 1415; x_wconf 89' lang='lat' dir='ltr'><strong>quem</strong></span> <span class='ocrx_word' id='word_1_103' title='bbox 2012 1355 2119 1396; x_wconf 75' lang='lat' dir='ltr'><strong>nos</strong></span> 
     </span>
     <span class='ocr_line' id='line_1_13' title="bbox 177 1427 2120 1507; baseline -0.002 -17"><span class='ocrx_word' id='word_1_104' title='bbox 177 1431 292 1490; x_wconf 88' lang='lat' dir='ltr'><strong>ista</strong></span> <span class='ocrx_word' id='word_1_105' title='bbox 333 1431 454 1490; x_wconf 79' lang='lat' dir='ltr'><strong>fere</strong></span> <span class='ocrx_word' id='word_1_106' title='bbox 495 1435 670 1490; x_wconf 79' lang='lat' dir='ltr'><strong>aetate</strong></span> <span class='ocrx_word' id='word_1_107' title='bbox 709 1449 842 1489; x_wconf 88' lang='lat' dir='ltr'><strong>cum</strong></span> <span class='ocrx_word' id='word_1_108' title='bbox 881 1448 1154 1497; x_wconf 79' lang='lat' dir='ltr'><strong>essemus,</strong></span> <span class='ocrx_word' id='word_1_109' title='bbox 1182 1447 1301 1507; x_wconf 87' lang='lat' dir='ltr'><strong>qua</strong></span> <span class='ocrx_word' id='word_1_110' title='bbox 1338 1446 1403 1486; x_wconf 85' lang='lat' dir='ltr'><strong>es</strong></span> <span class='ocrx_word' id='word_1_111' title='bbox 1440 1434 1511 1486; x_wconf 85' lang='lat' dir='ltr'><strong>tu</strong></span> <span class='ocrx_word' id='word_1_112' title='bbox 1545 1447 1717 1497; x_wconf 89' lang='lat' dir='ltr'><strong>nunc,</strong></span> <span class='ocrx_word' id='word_1_113' title='bbox 1744 1446 1779 1485; x_wconf 97' lang='lat' dir='ltr'><strong>e</strong></span> <span class='ocrx_word' id='word_1_114' title='bbox 1808 1427 2021 1487; x_wconf 77' lang='lat' dir='ltr'><strong>Groeco</strong></span> <span class='ocrx_word' id='word_1_115' title='bbox 2058 1427 2120 1486; x_wconf 90' lang='lat' dir='ltr'><strong>in</strong></span> 
     </span>
     <span class='ocr_line' id='line_1_14' title="bbox 177 1519 880 1580; baseline 0.001 -2"><span class='ocrx_word' id='word_1_116' title='bbox 177 1521 456 1580; x_wconf 84' lang='lat' dir='ltr'><strong>Latinum</strong></span> <span class='ocrx_word' id='word_1_117' title='bbox 483 1519 880 1580; x_wconf 74' lang='lat' dir='ltr'><strong>convertimus.</strong></span> 
     </span>
    </p>
   </div>
   <div class='ocr_carea' id='block_1_3' title="bbox 180 1697 2191 3757">
    <p class='ocr_par' dir='ltr' id='par_1_3' title="bbox 180 1697 2191 3757">
     <span class='ocr_line' id='line_1_15' title="bbox 261 1697 2121 1776; baseline -0.001 -18"><span class='ocrx_word' id='word_1_118' title='bbox 261 1699 454 1758; x_wconf 85' lang='lat' dir='ltr'>XXV.</span> <span class='ocrx_word' id='word_1_119' title='bbox 483 1698 600 1758; x_wconf 84' lang='lat' dir='ltr'><strong>Sed</strong></span> <span class='ocrx_word' id='word_1_120' title='bbox 627 1699 882 1758; x_wconf 88' lang='lat' dir='ltr'><strong>utilita</strong></span> <span class='ocrx_word' id='word_1_121' title='bbox 898 1705 1044 1758; x_wconf 90' lang='lat' dir='ltr'><strong>tum</strong></span> <span class='ocrx_word' id='word_1_122' title='bbox 1070 1697 1549 1776; x_wconf 77' lang='lat' dir='ltr'><strong>comparatiO,</strong></span> <span class='ocrx_word' id='word_1_123' title='bbox 1570 1697 1835 1775; x_wconf 85' lang='lat' dir='ltr'><strong>quoniam</strong></span> <span class='ocrx_word' id='word_1_124' title='bbox 1850 1697 1943 1756; x_wconf 85' lang='lat' dir='ltr'><strong>hic</strong></span> <span class='ocrx_word' id='word_1_125' title='bbox 1959 1697 2121 1756; x_wconf 79' lang='lat' dir='ltr'><strong>locus</strong></span> 
     </span>
     <span class='ocr_line' id='line_1_16' title="bbox 182 1787 2117 1867; baseline -0.002 -19"><span class='ocrx_word' id='word_1_126' title='bbox 182 1797 314 1848; x_wconf 87' lang='lat' dir='ltr'><strong>erat</strong></span> <span class='ocrx_word' id='word_1_127' title='bbox 349 1796 602 1867; x_wconf 85' lang='lat' dir='ltr'><strong>quartus,</strong></span> <span class='ocrx_word' id='word_1_128' title='bbox 631 1807 668 1846; x_wconf 88' lang='lat' dir='ltr'><strong>a</strong></span> <span class='ocrx_word' id='word_1_129' title='bbox 701 1789 960 1848; x_wconf 71' lang='lat' dir='ltr'><strong>Panaetio</strong></span> <span class='ocrx_word' id='word_1_130' title='bbox 996 1787 1427 1866; x_wconf 62' lang='lat' dir='ltr'><strong>praetermissus,</strong></span> <span class='ocrx_word' id='word_1_131' title='bbox 1461 1805 1615 1866; x_wconf 70' lang='lat' dir='ltr'><strong>soepe</strong></span> <span class='ocrx_word' id='word_1_132' title='bbox 1650 1794 1741 1845; x_wconf 87' lang='lat' dir='ltr'><strong>est</strong></span> <span class='ocrx_word' id='word_1_133' title='bbox 1784 1787 2117 1846; x_wconf 85' lang='lat' dir='ltr'><strong>necessaria.</strong></span> 
     </span>
     <span class='ocr_line' id='line_1_17' title="bbox 180 1877 2181 1962; baseline -0.001 -24"><span class='ocrx_word' id='word_1_134' title='bbox 180 1880 342 1938; x_wconf 81' lang='lat' dir='ltr'><strong>Nam</strong></span> <span class='ocrx_word' id='word_1_135' title='bbox 361 1886 422 1938; x_wconf 90' lang='lat' dir='ltr'><strong>et</strong></span> <span class='ocrx_word' id='word_1_136' title='bbox 437 1877 686 1956; x_wconf 84' lang='lat' dir='ltr'><strong>corporis</strong></span> <span class='ocrx_word' id='word_1_137' title='bbox 703 1877 1002 1938; x_wconf 89' lang='lat' dir='ltr'><strong>commoda</strong></span> <span class='ocrx_word' id='word_1_138' title='bbox 1016 1897 1148 1962; x_wconf 86' lang='lat' dir='ltr'><strong>cum</strong></span> <span class='ocrx_word' id='word_1_139' title='bbox 1163 1877 1425 1945; x_wconf 84' lang='lat' dir='ltr'><strong>externis,</strong></span> <span class='ocrx_word' id='word_1_140' title='bbox 1446 1885 1505 1935; x_wconf 92' lang='lat' dir='ltr'><strong>et</strong></span> <span class='ocrx_word' id='word_1_141' title='bbox 1520 1883 1755 1934; x_wconf 85' lang='lat' dir='ltr'><strong>externa</strong></span> <span class='ocrx_word' id='word_1_142' title='bbox 1770 1895 1901 1934; x_wconf 88' lang='lat' dir='ltr'><strong>cum</strong></span> <span class='ocrx_word' id='word_1_143' title='bbox 1918 1895 2114 1955; x_wconf 86' lang='lat' dir='ltr'><strong>corpo-</strong></span> <span class='ocrx_word' id='word_1_144' title='bbox 2144 1883 2181 1936; x_wconf 77' lang='lat'>2</span> 
     </span>
     <span class='ocr_line' id='line_1_18' title="bbox 180 1965 2123 2048; baseline -0.002 -21"><span class='ocrx_word' id='word_1_145' title='bbox 180 1969 282 2040; x_wconf 81' lang='lat' dir='ltr'><strong>ris,</strong></span> <span class='ocrx_word' id='word_1_146' title='bbox 303 1969 398 2027; x_wconf 87' lang='lat' dir='ltr'><strong>et</strong></span> <span class='ocrx_word' id='word_1_147' title='bbox 383 1987 510 2048; x_wconf 79' lang='lat' dir='ltr'><strong>1psa</strong></span> <span class='ocrx_word' id='word_1_148' title='bbox 533 1968 680 2026; x_wconf 90' lang='lat' dir='ltr'><strong>inter</strong></span> <span class='ocrx_word' id='word_1_149' title='bbox 699 1987 760 2027; x_wconf 89' lang='lat' dir='ltr'><strong>se</strong></span> <span class='ocrx_word' id='word_1_150' title='bbox 778 1968 1046 2047; x_wconf 86' lang='lat' dir='ltr'><strong>corporis,</strong></span> <span class='ocrx_word' id='word_1_151' title='bbox 1061 1975 1120 2027; x_wconf 90' lang='lat' dir='ltr'><strong>et</strong></span> <span class='ocrx_word' id='word_1_152' title='bbox 1139 1974 1371 2026; x_wconf 85' lang='lat' dir='ltr'><strong>externa</strong></span> <span class='ocrx_word' id='word_1_153' title='bbox 1390 1985 1523 2024; x_wconf 88' lang='lat' dir='ltr'><strong>cum</strong></span> <span class='ocrx_word' id='word_1_154' title='bbox 1542 1966 1789 2024; x_wconf 87' lang='lat' dir='ltr'><strong>externis</strong></span> <span class='ocrx_word' id='word_1_155' title='bbox 1806 1965 2123 2044; x_wconf 76' lang='lat' dir='ltr'><strong>comparari</strong></span> 
     </span>
     <span class='ocr_line' id='line_1_19' title="bbox 183 2054 2119 2157; baseline -0.004 -38"><span class='ocrx_word' id='word_1_156' title='bbox 183 2059 390 2119; x_wconf 83' lang='lat' dir='ltr'><strong>solent.</strong></span> <span class='ocrx_word' id='word_1_157' title='bbox 474 2058 624 2119; x_wconf 84' lang='lat' dir='ltr'><strong>Oum</strong></span> <span class='ocrx_word' id='word_1_158' title='bbox 647 2059 892 2118; x_wconf 86' lang='lat' dir='ltr'><strong>externis</strong></span> <span class='ocrx_word' id='word_1_159' title='bbox 919 2057 1168 2137; x_wconf 82' lang='lat' dir='ltr'><strong>corporis</strong></span> <span class='ocrx_word' id='word_1_160' title='bbox 1195 2059 1309 2117; x_wconf 87' lang='lat' dir='ltr'><strong>hoc</strong></span> <span class='ocrx_word' id='word_1_161' title='bbox 1356 2054 1530 2115; x_wconf 90' lang='lat' dir='ltr'><strong>modo</strong></span> <span class='ocrx_word' id='word_1_162' title='bbox 1558 2061 1979 2157; x_wconf 75' lang='lat' dir='ltr'><strong>comparantur,</strong></span> <span class='ocrx_word' id='word_1_163' title='bbox 2020 2073 2119 2113; x_wconf 84' lang='lat' dir='ltr'><strong>va·</strong></span> 
     </span>
     <span class='ocr_line' id='line_1_20' title="bbox 184 2145 2185 2228; baseline -0.003 -19"><span class='ocrx_word' id='word_1_164' title='bbox 184 2150 306 2209; x_wconf 88' lang='lat' dir='ltr'><strong>lere</strong></span> <span class='ocrx_word' id='word_1_165' title='bbox 353 2156 422 2208; x_wconf 90' lang='lat' dir='ltr'><strong>ut</strong></span> <span class='ocrx_word' id='word_1_166' title='bbox 461 2149 642 2218; x_wconf 84' lang='lat' dir='ltr'><strong>malis,</strong></span> <span class='ocrx_word' id='word_1_167' title='bbox 669 2168 844 2228; x_wconf 88' lang='lat' dir='ltr'><strong>quam</strong></span> <span class='ocrx_word' id='word_1_168' title='bbox 869 2149 1028 2207; x_wconf 83' lang='lat' dir='ltr'><strong>dives</strong></span> <span class='ocrx_word' id='word_1_169' title='bbox 1065 2166 1224 2215; x_wconf 85' lang='lat' dir='ltr'><strong>esse;</strong></span> <span class='ocrx_word' id='word_1_170' title='bbox 1267 2166 1399 2207; x_wconf 87' lang='lat' dir='ltr'><strong>cum</strong></span> <span class='ocrx_word' id='word_1_171' title='bbox 1440 2145 1691 2225; x_wconf 87' lang='lat' dir='ltr'><strong>corporis</strong></span> <span class='ocrx_word' id='word_1_172' title='bbox 1738 2152 1973 2204; x_wconf 86' lang='lat' dir='ltr'><strong>externa</strong></span> <span class='ocrx_word' id='word_1_173' title='bbox 2010 2146 2121 2205; x_wconf 89' lang='lat' dir='ltr'><strong>hoc</strong></span> <span class='ocrx_word' id='word_1_174' title='bbox 2148 2152 2185 2203; x_wconf 80' lang='lat'>8</span> 
     </span>
     <span class='ocr_line' id='line_1_21' title="bbox 183 2235 2120 2317; baseline -0.003 -18"><span class='ocrx_word' id='word_1_175' title='bbox 183 2240 382 2307; x_wconf 88' lang='lat' dir='ltr'><strong>modo,</strong></span> <span class='ocrx_word' id='word_1_176' title='bbox 431 2238 590 2299; x_wconf 83' lang='lat' dir='ltr'><strong>dives</strong></span> <span class='ocrx_word' id='word_1_177' title='bbox 633 2257 756 2299; x_wconf 85' lang='lat' dir='ltr'><strong>esse</strong></span> <span class='ocrx_word' id='word_1_178' title='bbox 805 2239 1016 2317; x_wconf 87' lang='lat' dir='ltr'><strong>potius,</strong></span> <span class='ocrx_word' id='word_1_179' title='bbox 1057 2257 1230 2315; x_wconf 87' lang='lat' dir='ltr'><strong>quam</strong></span> <span class='ocrx_word' id='word_1_180' title='bbox 1271 2236 1527 2295; x_wconf 85' lang='lat' dir='ltr'><strong>maximis</strong></span> <span class='ocrx_word' id='word_1_181' title='bbox 1574 2235 1825 2314; x_wconf 89' lang='lat' dir='ltr'><strong>corporis</strong></span> <span class='ocrx_word' id='word_1_182' title='bbox 1870 2235 2120 2303; x_wconf 82' lang='lat' dir='ltr'><strong>viribus;</strong></span> 
     </span>
     <span class='ocr_line' id='line_1_22' title="bbox 184 2324 2121 2408; baseline -0.003 -20"><span class='ocrx_word' id='word_1_183' title='bbox 184 2330 316 2408; x_wconf 87' lang='lat' dir='ltr'><strong>ipsa</strong></span> <span class='ocrx_word' id='word_1_184' title='bbox 353 2330 506 2387; x_wconf 84' lang='lat' dir='ltr'><strong>inter</strong></span> <span class='ocrx_word' id='word_1_185' title='bbox 545 2347 608 2387; x_wconf 87' lang='lat' dir='ltr'><strong>se</strong></span> <span class='ocrx_word' id='word_1_186' title='bbox 652 2329 902 2407; x_wconf 87' lang='lat' dir='ltr'><strong>corporis</strong></span> <span class='ocrx_word' id='word_1_187' title='bbox 929 2328 1028 2397; x_wconf 84' lang='lat' dir='ltr'><strong>sic,</strong></span> <span class='ocrx_word' id='word_1_188' title='bbox 1055 2334 1124 2387; x_wconf 89' lang='lat' dir='ltr'><strong>ut</strong></span> <span class='ocrx_word' id='word_1_189' title='bbox 1162 2328 1315 2386; x_wconf 88' lang='lat' dir='ltr'><strong>bona</strong></span> <span class='ocrx_word' id='word_1_190' title='bbox 1340 2326 1613 2386; x_wconf 81' lang='lat' dir='ltr'><strong>valetudo</strong></span> <span class='ocrx_word' id='word_1_191' title='bbox 1637 2324 1922 2403; x_wconf 80' lang='lat' dir='ltr'><strong>voluptati</strong></span> <span class='ocrx_word' id='word_1_192' title='bbox 1960 2331 2121 2383; x_wconf 90' lang='lat' dir='ltr'><strong>ante·</strong></span> 
     </span>
     <span class='ocr_line' id='line_1_23' title="bbox 186 2414 2187 2499; baseline -0.001 -22"><span class='ocrx_word' id='word_1_193' title='bbox 186 2427 458 2499; x_wconf 87' lang='lat' dir='ltr'><strong>ponatur,</strong></span> <span class='ocrx_word' id='word_1_194' title='bbox 481 2419 632 2478; x_wconf 82' lang='lat' dir='ltr'><strong>vires</strong></span> <span class='ocrx_word' id='word_1_195' title='bbox 657 2418 968 2479; x_wconf 88' lang='lat' dir='ltr'><strong>celeritati·</strong></span> <span class='ocrx_word' id='word_1_196' title='bbox 952 2463 967 2487; x_wconf 94' lang='lat'><strong>,</strong></span> <span class='ocrx_word' id='word_1_197' title='bbox 1009 2425 1373 2476; x_wconf 87' lang='lat' dir='ltr'><strong>externorum</strong></span> <span class='ocrx_word' id='word_1_198' title='bbox 1411 2423 1622 2484; x_wconf 89' lang='lat' dir='ltr'><strong>autem,</strong></span> <span class='ocrx_word' id='word_1_199' title='bbox 1650 2422 1719 2475; x_wconf 89' lang='lat' dir='ltr'><strong>ut</strong></span> <span class='ocrx_word' id='word_1_200' title='bbox 1760 2415 1943 2495; x_wconf 83' lang='lat' dir='ltr'><strong>gloria</strong></span> <span class='ocrx_word' id='word_1_201' title='bbox 1980 2414 2122 2475; x_wconf 85' lang='lat' dir='ltr'><strong>divi-</strong></span> <span class='ocrx_word' id='word_1_202' title='bbox 2148 2420 2187 2474; x_wconf 84' lang='lat'>4</span> 
     </span>
     <span class='ocr_line' id='line_1_24' title="bbox 188 2506 2187 2588; baseline -0.002 -19"><span class='ocrx_word' id='word_1_203' title='bbox 188 2510 304 2579; x_wconf 85' lang='lat' dir='ltr'><strong>tiis,</strong></span> <span class='ocrx_word' id='word_1_204' title='bbox 321 2508 624 2588; x_wconf 81' lang='lat' dir='ltr'><strong>vectigalia</strong></span> <span class='ocrx_word' id='word_1_205' title='bbox 641 2509 860 2568; x_wconf 87' lang='lat' dir='ltr'><strong>urbana</strong></span> <span class='ocrx_word' id='word_1_206' title='bbox 886 2508 1128 2567; x_wconf 85' lang='lat' dir='ltr'><strong>rusticis.</strong></span> <span class='ocrx_word' id='word_1_207' title='bbox 1209 2508 1300 2565; x_wconf 87' lang='lat' dir='ltr'><strong>Ex</strong></span> <span class='ocrx_word' id='word_1_208' title='bbox 1318 2526 1433 2585; x_wconf 89' lang='lat' dir='ltr'><strong>quo</strong></span> <span class='ocrx_word' id='word_1_209' title='bbox 1460 2525 1671 2585; x_wconf 86' lang='lat' dir='ltr'><strong>genere</strong></span> <span class='ocrx_word' id='word_1_210' title='bbox 1690 2506 2121 2585; x_wconf 84' lang='lat' dir='ltr'><strong>comparationis</strong></span> <span class='ocrx_word' id='word_1_211' title='bbox 2149 2514 2187 2565; x_wconf 80' lang='lat'>5</span> 
     </span>
     <span class='ocr_line' id='line_1_25' title="bbox 190 2596 2119 2676; baseline -0.003 -17"><span class='ocrx_word' id='word_1_212' title='bbox 190 2600 342 2659; x_wconf 78' lang='lat' dir='ltr'><strong>illud</strong></span> <span class='ocrx_word' id='word_1_213' title='bbox 369 2605 462 2657; x_wconf 84' lang='lat' dir='ltr'><strong>est</strong></span> <span class='ocrx_word' id='word_1_214' title='bbox 477 2598 710 2657; x_wconf 81' lang='lat' dir='ltr'><strong>Catonis</strong></span> <span class='ocrx_word' id='word_1_215' title='bbox 735 2598 914 2667; x_wconf 87' lang='lat' dir='ltr'><strong>senis;</strong></span> <span class='ocrx_word' id='word_1_216' title='bbox 955 2617 994 2655; x_wconf 92' lang='lat' dir='ltr'><strong>a</strong></span> <span class='ocrx_word' id='word_1_217' title='bbox 1012 2617 1126 2676; x_wconf 89' lang='lat' dir='ltr'><strong>quo</strong></span> <span class='ocrx_word' id='word_1_218' title='bbox 1153 2616 1287 2656; x_wconf 87' lang='lat' dir='ltr'><strong>cum</strong></span> <span class='ocrx_word' id='word_1_219' title='bbox 1312 2604 1683 2675; x_wconf 74' lang='lat' dir='ltr'><strong>quaereretur,</strong></span> <span class='ocrx_word' id='word_1_220' title='bbox 1706 2596 1845 2675; x_wconf 87' lang='lat' dir='ltr'><strong>quid</strong></span> <span class='ocrx_word' id='word_1_221' title='bbox 1872 2597 2119 2655; x_wconf 86' lang='lat' dir='ltr'><strong>maxime</strong></span> 
     </span>
     <span class='ocr_line' id='line_1_26' title="bbox 185 2686 2119 2767; baseline -0.003 -18"><span class='ocrx_word' id='word_1_222' title='bbox 185 2690 248 2749; x_wconf 88' lang='lat' dir='ltr'><strong>in</strong></span> <span class='ocrx_word' id='word_1_223' title='bbox 269 2709 338 2748; x_wconf 91' lang='lat' dir='ltr'><strong>re</strong></span> <span class='ocrx_word' id='word_1_224' title='bbox 363 2688 625 2748; x_wconf 82' lang='lat' dir='ltr'><strong>familiari</strong></span> <span class='ocrx_word' id='word_1_225' title='bbox 651 2688 964 2767; x_wconf 86' lang='lat' dir='ltr'><strong>expediret,</strong></span> <span class='ocrx_word' id='word_1_226' title='bbox 993 2687 1305 2765; x_wconf 86' lang='lat' dir='ltr'><strong>respondit,</strong></span> <span class='ocrx_word' id='word_1_227' title='bbox 1333 2688 1479 2747; x_wconf 87' lang='lat' dir='ltr'><strong>bene</strong></span> <span class='ocrx_word' id='word_1_228' title='bbox 1519 2705 1769 2765; x_wconf 76' lang='lat' dir='ltr'><strong>pascere.</strong></span> <span class='ocrx_word' id='word_1_229' title='bbox 1852 2686 2005 2755; x_wconf 83' lang='lat' dir='ltr'><strong>Quid</strong></span> <span class='ocrx_word' id='word_1_230' title='bbox 2032 2704 2119 2744; x_wconf 88' lang='lat' dir='ltr'><strong>se-</strong></span> 
     </span>
     <span class='ocr_line' id='line_1_27' title="bbox 185 2776 2121 2861; baseline -0.003 -23"><span class='ocrx_word' id='word_1_231' title='bbox 185 2778 446 2839; x_wconf 88' lang='lat' dir='ltr'><strong>cundum</strong></span> <span class='ocrx_word' id='word_1_232' title='bbox 463 2780 489 2836; x_wconf 73' lang='lat'><strong>‘2</strong></span> <span class='ocrx_word' id='word_1_233' title='bbox 535 2779 688 2837; x_wconf 83' lang='lat' dir='ltr'><strong>Satis</strong></span> <span class='ocrx_word' id='word_1_234' title='bbox 706 2779 852 2837; x_wconf 86' lang='lat' dir='ltr'><strong>bene</strong></span> <span class='ocrx_word' id='word_1_235' title='bbox 868 2796 1118 2857; x_wconf 84' lang='lat' dir='ltr'><strong>pascere.</strong></span> <span class='ocrx_word' id='word_1_236' title='bbox 1201 2777 1354 2861; x_wconf 63' lang='lat' dir='ltr'><strong>Quid</strong></span> <span class='ocrx_word' id='word_1_237' title='bbox 1372 2777 1651 2835; x_wconf 77' lang='lat' dir='ltr'><strong>tertium?</strong></span> <span class='ocrx_word' id='word_1_238' title='bbox 1691 2776 1844 2834; x_wconf 80' lang='lat' dir='ltr'><strong>Male</strong></span> <span class='ocrx_word' id='word_1_239' title='bbox 1870 2792 2121 2853; x_wconf 83' lang='lat' dir='ltr'><strong>pascere.</strong></span> 
     </span>
     <span class='ocr_line' id='line_1_28' title="bbox 185 2864 2120 2946; baseline -0.004 -18"><span class='ocrx_word' id='word_1_240' title='bbox 185 2868 341 2939; x_wconf 80' lang='lat' dir='ltr'><strong>Quid</strong></span> <span class='ocrx_word' id='word_1_241' title='bbox 357 2870 668 2946; x_wconf 78' lang='lat' dir='ltr'><strong>quartum?</strong></span> <span class='ocrx_word' id='word_1_242' title='bbox 710 2867 915 2927; x_wconf 77' lang='lat' dir='ltr'><strong>Arare.</strong></span> <span class='ocrx_word' id='word_1_243' title='bbox 994 2868 1088 2935; x_wconf 87' lang='lat' dir='ltr'><strong>Et,</strong></span> <span class='ocrx_word' id='word_1_244' title='bbox 1111 2886 1245 2925; x_wconf 89' lang='lat' dir='ltr'><strong>cum</strong></span> <span class='ocrx_word' id='word_1_245' title='bbox 1267 2867 1379 2935; x_wconf 91' lang='lat' dir='ltr'><strong>ille,</strong></span> <span class='ocrx_word' id='word_1_246' title='bbox 1402 2866 1500 2944; x_wconf 89' lang='lat' dir='ltr'><strong>qui</strong></span> <span class='ocrx_word' id='word_1_247' title='bbox 1524 2864 1845 2943; x_wconf 76' lang='lat' dir='ltr'><strong>quaesierat,</strong></span> <span class='ocrx_word' id='word_1_248' title='bbox 1869 2864 2120 2932; x_wconf 81' lang='lat' dir='ltr'><strong>dixisset,</strong></span> 
     </span>
     <span class='ocr_line' id='line_1_29' title="bbox 185 2951 2123 3030; baseline -0.005 -10"><span class='ocrx_word' id='word_1_249' title='bbox 185 2959 346 3028; x_wconf 80' lang='lat' dir='ltr'><strong>Quid</strong></span> <span class='ocrx_word' id='word_1_250' title='bbox 386 2958 630 3017; x_wconf 71' lang='lat' dir='ltr'><strong>senemri</strong></span> <span class='ocrx_word' id='word_1_251' title='bbox 647 2958 676 3015; x_wconf 64' lang='grc' dir='ltr'><strong>’.Ρ</strong></span> <span class='ocrx_word' id='word_1_252' title='bbox 715 2964 842 3017; x_wconf 89' lang='lat' dir='ltr'><strong>tum</strong></span> <span class='ocrx_word' id='word_1_253' title='bbox 869 2958 1034 3026; x_wconf 80' lang='lat' dir='ltr'><strong>Gato,</strong></span> <span class='ocrx_word' id='word_1_254' title='bbox 1065 2956 1218 3027; x_wconf 80' lang='lat' dir='ltr'><strong>Quid</strong></span> <span class='ocrx_word' id='word_1_255' title='bbox 1260 2956 1563 3023; x_wconf 86' lang='lat' dir='ltr'><strong>hominem,</strong></span> <span class='ocrx_word' id='word_1_256' title='bbox 1592 2953 1790 3030; x_wconf 87' lang='lat' dir='ltr'><strong>inquit,</strong></span> <span class='ocrx_word' id='word_1_257' title='bbox 1818 2951 2077 3011; x_wconf 86' lang='lat' dir='ltr'><strong>occidere</strong></span> <span class='ocrx_word' id='word_1_258' title='bbox 2093 2953 2123 3011; x_wconf 72' lang='lat'><strong>‘2</strong></span> 
     </span>
     <span class='ocr_line' id='line_1_30' title="bbox 183 3044 2191 3126; baseline -0.002 -19"><span class='ocrx_word' id='word_1_259' title='bbox 183 3050 278 3107; x_wconf 86' lang='lat' dir='ltr'><strong>Ex</strong></span> <span class='ocrx_word' id='word_1_260' title='bbox 327 3067 448 3126; x_wconf 91' lang='lat' dir='ltr'><strong>quo</strong></span> <span class='ocrx_word' id='word_1_261' title='bbox 493 3053 554 3107; x_wconf 88' lang='lat' dir='ltr'><strong>et</strong></span> <span class='ocrx_word' id='word_1_262' title='bbox 593 3047 790 3107; x_wconf 86' lang='lat' dir='ltr'><strong>multis</strong></span> <span class='ocrx_word' id='word_1_263' title='bbox 829 3047 952 3105; x_wconf 84' lang='lat' dir='ltr'><strong>aliis</strong></span> <span class='ocrx_word' id='word_1_264' title='bbox 996 3046 1236 3125; x_wconf 83' lang='lat' dir='ltr'><strong>intelligi</strong></span> <span class='ocrx_word' id='word_1_265' title='bbox 1275 3046 1466 3113; x_wconf 85' lang='lat' dir='ltr'><strong>debet,</strong></span> <span class='ocrx_word' id='word_1_266' title='bbox 1494 3044 1803 3102; x_wconf 81' lang='lat' dir='ltr'><strong>utilitatum</strong></span> <span class='ocrx_word' id='word_1_267' title='bbox 1828 3060 2123 3121; x_wconf 83' lang='lat' dir='ltr'><strong>compara·</strong></span> <span class='ocrx_word' id='word_1_268' title='bbox 2150 3048 2191 3103; x_wconf 71' lang='grc' dir='ltr'>ὖ</span> 
     </span>
     <span class='ocr_line' id='line_1_31' title="bbox 183 3136 2122 3215; baseline -0.002 -20"><span class='ocrx_word' id='word_1_269' title='bbox 183 3139 372 3197; x_wconf 83' lang='lat' dir='ltr'><strong>tiones</strong></span> <span class='ocrx_word' id='word_1_270' title='bbox 397 3137 526 3197; x_wconf 86' lang='lat' dir='ltr'><strong>fieri</strong></span> <span class='ocrx_word' id='word_1_271' title='bbox 550 3137 748 3205; x_wconf 85' lang='lat' dir='ltr'><strong>solere,</strong></span> <span class='ocrx_word' id='word_1_272' title='bbox 775 3144 1044 3215; x_wconf 88' lang='lat' dir='ltr'><strong>recteque</strong></span> <span class='ocrx_word' id='word_1_273' title='bbox 1083 3138 1194 3197; x_wconf 88' lang='lat' dir='ltr'><strong>hoc</strong></span> <span class='ocrx_word' id='word_1_274' title='bbox 1220 3136 1555 3213; x_wconf 85' lang='lat' dir='ltr'><strong>adjunctum</strong></span> <span class='ocrx_word' id='word_1_275' title='bbox 1582 3152 1707 3191; x_wconf 86' lang='lat' dir='ltr'><strong>esse</strong></span> <span class='ocrx_word' id='word_1_276' title='bbox 1733 3139 2000 3211; x_wconf 80' lang='lat' dir='ltr'><strong>quartum</strong></span> <span class='ocrx_word' id='word_1_277' title='bbox 2024 3150 2122 3192; x_wconf 85' lang='lat' dir='ltr'><strong>ex·</strong></span> 
     </span>
     <span class='ocr_line' id='line_1_32' title="bbox 187 3224 2187 3306; baseline -0.001 -21"><span class='ocrx_word' id='word_1_278' title='bbox 187 3228 604 3306; x_wconf 86' lang='lat' dir='ltr'><strong>quirendorum</strong></span> <span class='ocrx_word' id='word_1_279' title='bbox 651 3227 964 3287; x_wconf 84' lang='lat' dir='ltr'><strong>officiorum</strong></span> <span class='ocrx_word' id='word_1_280' title='bbox 1015 3246 1214 3306; x_wconf 77' lang='lat' dir='ltr'><strong>genus,</strong></span> <span class='ocrx_word' id='word_1_281' title='bbox 1296 3224 1415 3284; x_wconf 83' lang='lat' dir='ltr'><strong>Sed</strong></span> <span class='ocrx_word' id='word_1_282' title='bbox 1454 3230 1581 3283; x_wconf 91' lang='lat' dir='ltr'><strong>toto</strong></span> <span class='ocrx_word' id='word_1_283' title='bbox 1618 3224 1729 3283; x_wconf 91' lang='lat' dir='ltr'><strong>hoc</strong></span> <span class='ocrx_word' id='word_1_284' title='bbox 1776 3224 1851 3283; x_wconf 87' lang='lat' dir='ltr'><strong>de</strong></span> <span class='ocrx_word' id='word_1_285' title='bbox 1898 3242 2122 3303; x_wconf 84' lang='lat' dir='ltr'><strong>genere,</strong></span> <span class='ocrx_word' id='word_1_286' title='bbox 2154 3225 2187 3284; x_wconf 79' lang='lat'><strong>‘1</strong></span> 
     </span>
     <span class='ocr_line' id='line_1_33' title="bbox 185 3313 2123 3396; baseline -0.002 -19"><span class='ocrx_word' id='word_1_287' title='bbox 185 3319 264 3377; x_wconf 92' lang='lat' dir='ltr'><strong>de</strong></span> <span class='ocrx_word' id='word_1_288' title='bbox 285 3316 620 3396; x_wconf 79' lang='lat' dir='ltr'><strong>quaerenda,</strong></span> <span class='ocrx_word' id='word_1_289' title='bbox 641 3316 718 3375; x_wconf 89' lang='lat' dir='ltr'><strong>de</strong></span> <span class='ocrx_word' id='word_1_290' title='bbox 743 3316 1075 3376; x_wconf 88' lang='lat' dir='ltr'><strong>collocanda</strong></span> <span class='ocrx_word' id='word_1_291' title='bbox 1101 3315 1359 3394; x_wconf 86' lang='lat' dir='ltr'><strong>pecunia,</strong></span> <span class='ocrx_word' id='word_1_292' title='bbox 1379 3314 1585 3373; x_wconf 83' lang='lat' dir='ltr'><strong>vellem</strong></span> <span class='ocrx_word' id='word_1_293' title='bbox 1604 3313 1775 3373; x_wconf 86' lang='lat' dir='ltr'><strong>etiam</strong></span> <span class='ocrx_word' id='word_1_294' title='bbox 1794 3314 1869 3374; x_wconf 93' lang='lat' dir='ltr'><strong>de</strong></span> <span class='ocrx_word' id='word_1_295' title='bbox 1889 3314 2123 3383; x_wconf 86' lang='lat' dir='ltr'><strong>utenda,</strong></span> 
     </span>
     <span class='ocr_line' id='line_1_34' title="bbox 189 3404 2124 3484; baseline -0.001 -19"><span class='ocrx_word' id='word_1_296' title='bbox 189 3406 550 3466; x_wconf 86' lang='lat' dir='ltr'><strong>commodius</strong></span> <span class='ocrx_word' id='word_1_297' title='bbox 578 3425 614 3464; x_wconf 89' lang='lat' dir='ltr'><strong>a</strong></span> <span class='ocrx_word' id='word_1_298' title='bbox 638 3405 981 3484; x_wconf 89' lang='lat' dir='ltr'><strong>quibusdam</strong></span> <span class='ocrx_word' id='word_1_299' title='bbox 1007 3405 1237 3484; x_wconf 85' lang='lat' dir='ltr'><strong>optimis</strong></span> <span class='ocrx_word' id='word_1_300' title='bbox 1262 3406 1393 3464; x_wconf 84' lang='lat' dir='ltr'><strong>viris</strong></span> <span class='ocrx_word' id='word_1_301' title='bbox 1420 3404 1497 3464; x_wconf 89' lang='lat' dir='ltr'><strong>ad</strong></span> <span class='ocrx_word' id='word_1_302' title='bbox 1522 3405 1561 3465; x_wconf 90' lang='lat' dir='ltr'><strong>J</strong></span> <span class='ocrx_word' id='word_1_303' title='bbox 1562 3424 1735 3465; x_wconf 86' lang='lat' dir='ltr'><strong>anum</strong></span> <span class='ocrx_word' id='word_1_304' title='bbox 1758 3405 2011 3465; x_wconf 83' lang='lat' dir='ltr'><strong>medium</strong></span> <span class='ocrx_word' id='word_1_305' title='bbox 2037 3424 2124 3463; x_wconf 85' lang='lat' dir='ltr'><strong>se-</strong></span> 
     </span>
     <span class='ocr_line' id='line_1_35' title="bbox 185 3494 2121 3575; baseline -0.002 -18"><span class='ocrx_word' id='word_1_306' title='bbox 185 3496 478 3565; x_wconf 78' lang='lat' dir='ltr'><strong>dentibus,</strong></span> <span class='ocrx_word' id='word_1_307' title='bbox 497 3515 672 3573; x_wconf 87' lang='lat' dir='ltr'><strong>quam</strong></span> <span class='ocrx_word' id='word_1_308' title='bbox 699 3497 774 3556; x_wconf 92' lang='lat' dir='ltr'><strong>ab</strong></span> <span class='ocrx_word' id='word_1_309' title='bbox 799 3496 930 3555; x_wconf 86' lang='lat' dir='ltr'><strong>ullis</strong></span> <span class='ocrx_word' id='word_1_310' title='bbox 958 3496 1311 3575; x_wconf 87' lang='lat' dir='ltr'><strong>philosophis</strong></span> <span class='ocrx_word' id='word_1_311' title='bbox 1338 3495 1457 3555; x_wconf 88' lang='lat' dir='ltr'><strong>ulla</strong></span> <span class='ocrx_word' id='word_1_312' title='bbox 1481 3496 1541 3554; x_wconf 88' lang='lat' dir='ltr'><strong>in</strong></span> <span class='ocrx_word' id='word_1_313' title='bbox 1566 3494 1763 3555; x_wconf 86' lang='lat' dir='ltr'><strong>schola</strong></span> <span class='ocrx_word' id='word_1_314' title='bbox 1782 3495 2121 3573; x_wconf 88' lang='lat' dir='ltr'><strong>disputatur.</strong></span> 
     </span>
     <span class='ocr_line' id='line_1_36' title="bbox 185 3582 2191 3665; baseline -0.001 -18"><span class='ocrx_word' id='word_1_315' title='bbox 185 3588 342 3647; x_wconf 82' lang='lat' dir='ltr'><strong>Sunt</strong></span> <span class='ocrx_word' id='word_1_316' title='bbox 363 3594 562 3645; x_wconf 85' lang='lat' dir='ltr'><strong>tamen</strong></span> <span class='ocrx_word' id='word_1_317' title='bbox 581 3605 650 3645; x_wconf 91' lang='lat' dir='ltr'><strong>ea</strong></span> <span class='ocrx_word' id='word_1_318' title='bbox 667 3587 1062 3665; x_wconf 79' lang='lat' dir='ltr'><strong>cognoscenda</strong></span> <span class='ocrx_word' id='word_1_319' title='bbox 1084 3605 1100 3653; x_wconf 87' lang='lat'>;</span> <span class='ocrx_word' id='word_1_320' title='bbox 1139 3587 1421 3663; x_wconf 85' lang='lat' dir='ltr'><strong>pertinent</strong></span> <span class='ocrx_word' id='word_1_321' title='bbox 1442 3586 1593 3645; x_wconf 90' lang='lat' dir='ltr'><strong>enim</strong></span> <span class='ocrx_word' id='word_1_322' title='bbox 1612 3585 1687 3645; x_wconf 85' lang='lat' dir='ltr'><strong>ad</strong></span> <span class='ocrx_word' id='word_1_323' title='bbox 1712 3584 2029 3652; x_wconf 80' lang='lat' dir='ltr'><strong>utilitatem,</strong></span> <span class='ocrx_word' id='word_1_324' title='bbox 2048 3582 2124 3642; x_wconf 90' lang='lat' dir='ltr'><strong>de</strong></span> <span class='ocrx_word' id='word_1_325' title='bbox 2154 3590 2191 3644; x_wconf 84' lang='grc'><strong>8</strong></span> 
     </span>
     <span class='ocr_line' id='line_1_37' title="bbox 186 3676 2121 3757; baseline -0.003 -20"><span class='ocrx_word' id='word_1_326' title='bbox 186 3696 304 3757; x_wconf 84' lang='lat' dir='ltr'><strong>qua</strong></span> <span class='ocrx_word' id='word_1_327' title='bbox 330 3678 446 3737; x_wconf 88' lang='lat' dir='ltr'><strong>hoc</strong></span> <span class='ocrx_word' id='word_1_328' title='bbox 465 3677 611 3737; x_wconf 84' lang='lat' dir='ltr'><strong>libro</strong></span> <span class='ocrx_word' id='word_1_329' title='bbox 627 3676 985 3755; x_wconf 79' lang='lat' dir='ltr'><strong>disputatum</strong></span> <span class='ocrx_word' id='word_1_330' title='bbox 1003 3683 1108 3736; x_wconf 85' lang='lat' dir='ltr'><strong>est.</strong></span> <span class='ocrx_word' id='word_1_331' title='bbox 1151 3677 1395 3756; x_wconf 86' lang='lat' dir='ltr'><strong>Reliqua</strong></span> <span class='ocrx_word' id='word_1_332' title='bbox 1412 3676 1681 3755; x_wconf 85' lang='lat' dir='ltr'><strong>deinceps</strong></span> <span class='ocrx_word' id='word_1_333' title='bbox 1700 3692 2121 3754; x_wconf 81' lang='lat' dir='ltr'><strong>persequemur.</strong></span> 
     </span>
    </p>
   </div>
  </div>
 </body>
</html>
