2484 4175
810 322 983 364 mna
1006 323 1095 364 111.
1178 323 1314 364 oar.
1343 323 1500 365 1¹11.
2059 304 2170 367 11'1

146 471 499 533 quamquam
538 453 615 512 ab
650 451 829 530 impio
866 471 1005 530 rege
1031 451 1254 520 dicitur,
1282 451 1570 512 luculente
1611 458 1806 512 tamen
1843 451 2066 514 dicitur.

142 541 397 602 Addunt
442 543 629 610 etiam,
676 542 1163 620 quemadmodum
1211 562 1318 602 nos
1371 541 1644 610 dicamus,
1694 543 1872 602 videri
1909 562 2068 622 quae-
2097 549 2136 603 8

142 632 283 690 dam
308 632 485 700 utilia,
516 650 645 710 quae
686 651 799 691 non
838 630 981 691 sint:
1022 632 1102 692 sic
1128 651 1191 690 se
1218 632 1424 700 dicere,
1453 632 1630 692 videri
1657 633 1925 712 quaedam
1966 634 2068 691 ho-

140 729 327 791 nesta,
356 741 486 799 quae
528 741 645 780 non
680 722 823 780 sint:
866 729 935 780 ιιι
959 721 1069 780 hoc
1107 722 1299 800 ipsum
1325 721 1552 781 videtur
1587 722 1908 791 honestum,
1937 742 2070 781 con-

142 811 410 870 servandi
445 810 589 889 juris
626 810 855 889 jurandi
882 829 1055 870 causa
1080 811 1497 871 adwmoiatum
1535 812 1850 880 revertisse,
1879 813 1982 872 sed
2007 813 2074 871 fit

140 920 262 959 non
306 901 645 969 honestnm;
686 901 835 978 quia,
880 900 1038 979 quod
1077 919 1182 979 per
1218 901 1334 960 vim
1378 900 1628 960 hostium
1669 908 1822 960 esset
1860 909 2070 970 actum,

140 997 339 1048 ratum
363 1009 489 1048 esse
514 1009 629 1048 non
654 989 870 1050 debuit.
950 989 1201 1048 Addunt
1226 991 1416 1061 etiam,
1445 991 1715 1070 quicquid
1739 991 1908 1050 valde
1933 991 2072 1050 utile
2103 997 2139 1050 9

142 1080 235 1148 sit,
284 1079 347 1139 id
388 1079 510 1138 fieri
551 1080 871 1148 honestum,
922 1078 1143 1138 etiamsi
1182 1087 1352 1138 antea
1389 1101 1504 1140 non
1545 1082 1849 1144 videretur.
1929 1084 2072 1142 Haec
2107 1089 2180 1142 10

140 1171 264 1228 fere
294 1176 490 1228 contra
514 1169 823 1248 Regulum.
904 1168 1022 1228 Sed
1049 1169 1233 1248 prima
1258 1169 1568 1231 videamus.

224 1328 441 1386 XXIX.
471 1327 607 1386 Non
620 1326 731 1386 fuit
744 1327 783 1386 J
784 1327 1013 1406 uppiter
1026 1328 1388 1396 metuendus,
1405 1347 1478 1386 ne
1497 1327 1675 1388 iratus
1690 1335 1952 1389 noceret:
1981 1330 2078 1408 qui

140 1436 333 1495 neque
357 1417 523 1476 irasci
542 1417 703 1484 solet,
722 1436 825 1476 nec
852 1435 1070 1477 nocere.
1152 1417 1304 1477 Hoec
1325 1417 1554 1496 quidem
1580 1420 1724 1478 ratio
1751 1438 1864 1479 non
1889 1421 2076 1500 magis
2107 1427 2142 1480 2

143 1515 350 1566 contra
376 1507 602 1586 Reguli,
631 1525 804 1584 quam
832 1514 1028 1568 contra
1054 1526 1221 1566 omne
1255 1508 1354 1586 jus
1375 1507 1686 1586 jurandum
1711 1509 1881 1570 valet.
1961 1510 2079 1570 Sed
2107 1516 2143 1568 3

140 1599 203 1656 in
241 1598 373 1675 jure
412 1597 677 1676 jurando,
705 1615 822 1654 non
860 1597 959 1674 qui
1002 1604 1209 1666 metue,
1238 1597 1345 1656 sed
1382 1617 1514 1676 quae
1538 1599 1624 1658 vis
1665 1599 1756 1669 sit,
1786 1600 1961 1660 debet
1997 1600 2080 1659 in·

142 1688 345 1767 telligi.
429 1687 535 1745 Est
572 1687 721 1745 enim
755 1686 853 1764 jus
888 1687 1201 1764 jurandum
1228 1687 1528 1746 affirmatio
1552 1689 1826 1768 religiosa.
1911 1690 2080 1761 Quod
2109 1693 2148 1746 4

145 1785 347 1836 autem
390 1777 683 1844 affirmate,
724 1776 887 1854 quasi
925 1777 1035 1836 deo
1070 1783 1236 1847 teste,
1293 1777 1630 1856 promisci-ie,
1670 1779 1732 1838 id
1775 1781 2085 1839 tenendum

145 1876 255 1928 est.
339 1868 378 1927 J
380 1887 475 1926 am
500 1867 649 1925 enim
672 1885 789 1925 non
827 1865 903 1924 ad
940 1867 1083 1926 iram
1110 1867 1364 1936 deorum,
1395 1887 1526 1946 quae
1553 1869 1709 1928 nulla
1735 1875 1841 1938 est,
1875 1869 1979 1928 sed
2006 1869 2082 1928 ad

141 1956 427 2039 justitiam
454 1963 514 2014 et
538 1955 615 2014 ad
640 1957 815 2016 fidem
842 1956 1103 2036 pertinet.
1186 1957 1342 2016 Nam
1368 1958 1644 2036 praeclare
1669 1958 1915 2018 Ennius:
2107 1967 2143 2019 5

324 2057 375 2118 Ο
400 2057 571 2117 Fides
596 2045 768 2129 aln'ta,
796 2065 933 2133 apta
946 2058 1159 2134 pinnis,
1188 2065 1240 2117 et
1265 2058 1381 2118 Jus
1390 2057 1716 2134 jurandum
1744 2059 1926 2119 Joviae.

150 2172 265 2242 Qui
312 2170 351 2230 J
353 2189 425 2229 us
468 2169 643 2248 igitur
682 2168 994 2248 jurandum
1032 2170 1223 2239 violat,
1253 2170 1302 2232 is
1344 2169 1548 2229 Fidem
1589 2169 1778 2239 violat,
1809 2190 1984 2249 quam
2027 2171 2086 2228 in

152 2260 441 2341 Capitolio
464 2260 713 2319 vicinam
743 2260 782 2318 J
782 2259 903 2319 ovis
929 2260 1147 2339 Optimi
1192 2259 1444 2329 Maximi,
1473 2267 1540 2319 ut
1584 2260 1644 2319 in
1691 2260 1923 2319 Catonis
1961 2278 2085 2320 ora·

150 2352 309 2429 tione
338 2356 445 2419 est,
472 2350 720 2427 majores
747 2349 927 2408 nostri
953 2368 1079 2408 esse
1104 2350 1426 2409 voluerunt.

235 2442 325 2499 At
350 2440 501 2499 enim
524 2458 597 2498 ne
622 2440 801 2498 iratus
827 2439 1059 2517 quidem
1074 2440 1115 2499 J
1116 2441 1348 2519 uppiter
1373 2440 1506 2519 plus
1537 2440 1764 2521 Regulo
1791 2440 2090 2511 nocuisset,
2119 2446 2155 2499 6

154 2550 333 2609 quam
360 2530 472 2589 sibi
496 2530 689 2587 nocuit
712 2530 837 2609 ipse
855 2530 1133 2608 Regulus.
1218 2531 1406 2599 Certe,
1437 2530 1486 2590 si
1509 2531 1648 2590 nihil
1673 2532 1890 2590 malum
1917 2538 2085 2601 esset,
2117 2528 2151 2590 ’1

152 2622 263 2680 nisi
290 2619 503 2680 dolere.
587 2620 661 2677 Id
701 2626 895 2680 autem
932 2639 1047 2678 non
1084 2619 1256 2679 modo
1295 2639 1587 2681 summum
1625 2621 1860 2689 malum,
1887 2620 1990 2681 sed
2017 2638 2090 2679 ne

154 2710 376 2769 malum
395 2709 629 2788 quidem
649 2728 792 2778 esse,
814 2708 1063 2767 maxima
1084 2710 1420 2769 auctoritate
1447 2711 1774 2790 philosophi
1793 2711 2088 2769 affirmant.

158 2802 421 2871 Quorum
447 2799 679 2877 quidem
718 2804 929 2858 testem
970 2818 1087 2857 non
1131 2799 1494 2868 mediocrem,
1523 2800 1628 2859 sed
1667 2799 1825 2858 haud
1861 2800 1978 2857 scio
2017 2817 2092 2857 an
2121 2806 2157 2857 8

156 2889 576 2969 gravissimum,
620 2888 929 2967 Regulum,
974 2888 1168 2959 nolite,
1216 2908 1436 2967 quaeso,
1485 2889 1824 2967 vituperare.
1905 2888 2092 2958 Quem
2121 2894 2156 2947 9

158 2980 311 3038 enim
350 2977 781 3057 locupletiorem
806 2978 1137 3055 quaerimus,
1180 2998 1356 3056 quam
1394 2978 1704 3057 principem
1746 2978 1944 3056 populi
1982 2978 2100 3035 Ro·

156 3070 333 3138 mani,
362 3068 464 3146 qui
500 3068 779 3126 retinendi
818 3069 985 3128 officii
1024 3088 1197 3127 causa
1224 3067 1538 3127 cruciatum
1579 3068 1813 3127 subierit
1837 3068 2096 3125 volunta-

156 3160 414 3217 tarium.
392 3160 421 3201 9
501 3157 657 3216 Nam
682 3158 841 3235 quod
866 3158 1041 3227 aiunt,
1064 3158 1300 3217 Minima
1325 3157 1399 3217 de
1424 3157 1622 3226 malis,
1607 3176 1620 3190 ·
1662 3157 1723 3216 id
1749 3164 1856 3226 est,
1884 3163 1954 3215 ut
1978 3163 2098 3215 tur-
2129 3163 2206 3216 10

158 3250 311 3328 piter
339 3247 549 3325 potiuS,
576 3266 753 3325 quam
780 3248 1139 3307 calamitose.
1182 3267 1258 3306 an
1299 3254 1390 3307 est
1429 3247 1613 3306 ullum
1653 3247 1844 3326 majus
1885 3246 2104 3305 malum

158 3336 565 3417 turpitudine?
648 3337 795 3407 Quae
824 3337 873 3395 si
896 3338 953 3396 in
980 3337 1342 3397 deformitate
1383 3337 1634 3410 corporis
1673 3338 1852 3397 habet
1890 3336 2103 3415 aliquid

159 3426 503 3495 offensionis,
531 3434 745 3503 quanta
770 3426 875 3485 illa
894 3427 1225 3505 depravatio
1253 3434 1314 3487 et
1337 3426 1572 3487 foeditas
1597 3426 1906 3505 turpificati
1933 3425 2102 3485 animi

161 3516 341 3576 debet
365 3515 584 3575 videri.
563 3517 591 3559 9
673 3515 873 3594 Itaque
898 3518 1187 3576 nervosius
1212 3517 1312 3595 qui
1337 3518 1447 3575 ista
1469 3517 1770 3585 disserunt,
1793 3517 1979 3575 solum
1999 3534 2101 3573 au·
2133 3519 2206 3573 11

160 3606 306 3665 dent
330 3605 550 3664 malum
576 3605 765 3664 dicere
790 3606 869 3675 id,
898 3606 1053 3685 quod
1080 3614 1252 3685 turpe
1279 3607 1384 3665 sit:
1427 3608 1526 3685 qui
1565 3614 1760 3666 autem
1802 3603 2106 3675 remissius,

160 3696 231 3757 hi
254 3702 449 3757 tamen
472 3712 591 3755 non
615 3695 881 3756 dubitant
904 3714 1193 3755 summum
1218 3697 1436 3757 malum
1461 3696 1666 3757 dicere.
