2484 4175
900 302 1072 343 mma
1094 302 1135 343 1.
1216 302 1354 344 ear.
1382 302 1590 343 xmn.
2179 286 2256 343 4⁸

212 429 513 509 quoddam
554 416 881 490 institutum
923 438 1380 510 consequantur:
1427 431 1784 509 maximeque
1821 429 1882 491 in
1919 450 1992 491 eo
2029 429 2150 510 ple·

210 539 457 598 rumque
482 520 823 579 elaborant
807 521 861 590 ιι,
890 521 991 599 qui
1015 540 1229 601 magna
1253 522 1361 582 sibi
1385 528 1732 601 proponunt,
1761 520 2018 581 obscuris
2041 521 2153 581 orti

212 610 544 688 maJ'oribus.
626 609 772 670 Haec
811 611 983 690 igitur
1014 612 1219 680 omnia,
1249 631 1384 671 cum
1409 612 1734 690 quaerimms,
1763 611 1904 690 quid
1927 597 2150 681 dicent,
2180 610 2215 671 '1

212 700 519 803 complecti
545 697 735 758 animo
758 708 820 759 et
846 701 1185 781 cogitatione
1211 702 1506 762 debemus.

288 788 362 848 In
402 789 639 872 primis
640 796 837 849 autem
877 792 1341 851 constituendum
1377 798 1486 863 est,
1525 810 1672 871 quos
1711 810 1816 851 nos
1853 798 1916 851 et
1952 792 2152 871 quales
2179 798 2214 851 8

210 898 335 939 esse
375 876 637 949 velimus,
680 886 741 939 et
784 880 845 939 in
882 900 997 959 quo
1042 900 1284 967 genere·
1261 882 1460 941 ·vitae:
1515 902 1656 976 quae
1687 882 2019 943 deliberatio
2061 888 2152 941 est

208 969 468 1029 omnium
516 969 861 1037 difficillima.
922 970 1187 1030 Ineunte
1233 970 1384 1031 enim
1429 944 1826 1041 ιιᾶοιῶθειιιιε,
1877 991 2011 1031 θιιιιι
2055 981 2152 1031 εει
2179 976 2215 1032 9

209 1059 460 1117 maxima
495 1059 853 1120 imbecillitas
890 1060 1121 1131 consilii,
1148 1067 1278 1121 tum
1303 1061 1364 1121 id
1391 1061 1498 1121 sibi
1523 1062 1762 1141 quisque
1801 1080 1984 1141 genus
2011 1067 2156 1121 aeta-

212 1150 283 1208 u's
308 1149 597 1229 degendae
624 1150 931 1220 constituit,
951 1150 1109 1229 quod
1134 1152 1384 1211 maxime
1409 1151 1716 1211 adamavit.
1784 1152 1992 1228 Itaque
2017 1157 2152 1209 ante

208 1239 538 1318 implicatur
578 1240 769 1319 aliquo
814 1247 973 1301 certo
1014 1259 1226 1321 genere
1265 1260 1552 1319 cursuque
1576 1239 1819 1309 vivendi,
1847 1258 2024 1317 quam
2048 1258 2150 1319 po-

212 1330 335 1399 tuit,
366 1329 531 1407 quod
569 1331 851 1409 optimum
889 1337 1057 1401 esset,
1093 1330 1372 1410 judicare.
1453 1329 1513 1390 N
1513 1350 1608 1390 am
1643 1312 1820 1409 quod
1839 1329 2150 1389 'Herculem
2181 1335 2254 1390 10

158 1420 175 1434 ‘
210 1420 543 1480 Prodicium
577 1420 779 1481 dicunt
807 1420 899 1502 (ut
924 1427 1015 1480 est
1040 1421 1199 1501 apud
1235 1418 1706 1501 Xenophontem)
1733 1440 1867 1480 cum
1903 1420 2151 1499 primum

209 1511 556 1589 pubesceret
602 1509 786 1591 (quod
830 1518 1061 1591 tempus
1106 1531 1144 1570 a
1180 1519 1388 1571 natura
1426 1511 1503 1572 ad
1549 1511 1934 1591 deligendum,
1974 1529 2150 1589 quam

210 1600 453 1678 quisque
493 1601 645 1661 viam
678 1601 906 1660 vivendi
944 1601 1020 1659 sit
1056 1601 1434 1681 ingressurus,
1476 1601 1676 1661 datum
1715 1601 1828 1682 est)
1869 1602 2052 1661 exisse
2089 1600 2149 1661 in

210 1690 595 1760 solitudinem,
624 1698 807 1769 atque
844 1690 925 1751 ibi
962 1691 1260 1751 sedentem
1287 1692 1389 1751 diu
1425 1710 1622 1751 secum
1657 1691 2015 1771 multumque
2041 1691 2148 1752 du·

210 1781 445 1852 bitasse,
476 1800 612 1840 cum
652 1780 799 1840 duas
842 1788 1101 1841 cerneret
1141 1780 1280 1851 vias,
1322 1799 1496 1840 unam
1489 1780 1882 1875 Voluptatis,
1912 1781 2150 1841 alteram

212 1870 477 1941 V'n·tutis,
504 1876 695 1929 utram
717 1870 940 1951 ingredi
962 1871 1167 1929 melius
1192 1877 1384 1940 esset;
1424 1848 1534 1931 hoc
1561 1871 1812 1940 Herculi,
1832 1871 1871 1931 J
1872 1890 1992 1931 ovis
2017 1877 2149 1930 satu
2179 1878 2249 1934 11
2277 1949 2280 1956 Ι

210 1962 384 2030 edito,
427 1959 621 2040 potuit
658 1961 903 2020 fortasse
944 1960 1306 2040 contingere·
1352 1961 1516 2021 nobis
1554 1980 1669 2020 non
1705 1961 1862 2029 item,
1890 1960 1990 2038 qui
2025 1961 2148 2021 imi-

208 2060 419 2122 tamur,
452 2070 603 2130 quos
642 2050 848 2129 cuique
872 2050 1059 2112 visum
1084 2057 1189 2121 est,
1218 2057 1394 2130 atque
1431 2050 1509 2112 ad
1547 2068 1748 2110 eorum
1779 2049 1970 2110 studia
1994 2050 2148 2111 insti-

208 2151 455 2222 tutaque
481 2141 855 2220 impellimur;
894 2141 1230 2220 plerumque
1257 2148 1468 2211 autem,
1498 2145 1802 2221 parentum
1843 2140 2148 2220 praeceptis
2181 2146 2252 2200 12

208 2234 435 2302 imbuti,
456 2232 535 2292 ad
560 2251 759 2292 eorum
778 2232 1246 2292 consuetudinem
1265 2251 1597 2310 moremque
1617 2229 1970 2290 deducimur.
2029 2229 2150 2290 Alii

209 2322 593 2383 multitudinis
626 2321 843 2402 judicio
879 2323 1157 2392 feruntur,
1186 2341 1432 2404 quaeque
1459 2322 1662 2402 majori
1700 2320 1850 2400 parti
1884 2319 2148 2399 pulcher·

208 2415 354 2472 rima
376 2412 666 2482 videntur,
694 2431 765 2472 ea
788 2413 1035 2471 maxime
1060 2419 1284 2491 optant.
1365 2412 1640 2472 Nonnulli
1662 2418 1856 2472 tamen
1882 2411 2000 2472 sive
2023 2412 2251 2472 feli-13

210 2504 385 2562 citate
424 2501 696 2581 quadam,
738 2503 859 2562 sive
902 2502 1158 2562 bonitate
1204 2507 1442 2572 naturae,
1485 2502 1602 2561 sive
1641 2509 1944 2582 parentum
1983 2503 2148 2564 disci-

210 2593 385 2672 plina,
412 2598 633 2652 rectam
658 2592 793 2652 vitae
828 2591 1010 2653 secuti
1036 2599 1171 2652 sunt
1195 2591 1402 2652 viam.
1408 2592 1726 2668 XXXIII.
1768 2593 1924 2654 Illud
1951 2601 2145 2654 autem

208 2683 456 2742 maxime
470 2701 668 2741 rarum
682 2701 863 2762 genus
874 2688 965 2741 est
977 2701 1195 2750 eorum,
1208 2681 1308 2760 qui
1323 2689 1424 2741 aut
1439 2665 1779 2742 excellente
1763 2682 1970 2762 ingenii
1983 2702 2144 2762 mag·

210 2773 490 2843 nitudine,
510 2778 613 2830 aut
638 2771 914 2850 praeclara
938 2771 1255 2832 eruditione
1281 2778 1458 2850 atque
1483 2772 1756 2842 doctrina,
1780 2779 1884 2834 aut
1900 2780 2145 2850 utraque

208 2881 273 2922 re
316 2861 522 2931 ornati,
565 2860 815 2939 spatium
852 2861 1028 2920 etiam
1068 2861 1420 2922 deliberandi
1463 2862 1806 2933 habuerunt,
1832 2879 2006 2939 quem
2042 2879 2143 2939 po-

211 2953 497 3012 tissimum
521 2951 655 3012 vitoe
680 2954 913 3012 cursum
946 2951 1109 3030 sequi
1132 2951 1375 3012 vellent·
1415 2951 1476 3012 in
1501 2971 1618 3031 qua
1641 2950 2042 3012 deliberatione
2067 2949 2145 3009 ad
2173 2957 2208 3010 2

210 3063 376 3102 suam
426 3059 705 3150 quusque
747 3047 1012 3101 naturam
1056 3042 1350 3101 consilium
1397 3047 1490 3100 est
1535 3059 1702 3102 omne
1741 3039 2140 3100 revocandum.

211 3134 368 3191 Nam
422 3113 569 3191 cum
606 3132 668 3190 in
712 3131 992 3200 omnibu&
1040 3149 1173 3211 quae
1224 3137 1494 3210 aguntur,
1543 3149 1616 3190 ex
1667 3149 1753 3200 eo,
1801 3149 1918 3209 quo
1969 3131 2144 3192 modo
2171 3139 2208 3192 3

122 3265 133 3280 .
210 3224 453 3302 quisque
490 3228 663 3280 natus
700 3228 791 3280 est
828 3220 921 3302 (ut
944 3239 1123 3300 supra
1148 3220 1368 3282 dictum
1395 3220 1508 3301 est)
1536 3220 1676 3299 quid
1703 3221 1922 3291 deceat,
1949 3223 2142 3302 exqui-

183 3307 425 3400 {fimus-
408 3355 425 3380 ‚
466 3317 593 3372 tum
632 3311 692 3370 in
730 3317 855 3370 tota
880 3311 999 3370 vita
1026 3310 1440 3380 constituenda,
1467 3311 1652 3370 multo
1679 3319 1770 3372 est
1795 3331 1936 3372 cura
1959 3314 2146 3392 major

212 3400 557 3469 adhibenda,
594 3407 665 3460 ut
708 3407 969 3460 constare
1007 3399 1065 3458 in
1102 3401 1237 3459 vitae
1283 3401 1665 3479 perpetuitate
1713 3403 1996 3479 possimus
2040 3421 2141 3460 no-

212 3489 473 3548 bismet
456 3490 615 3568 ipsiS,
640 3508 747 3548 nec
781 3490 841 3548 in
864 3489 985 3548 ullo
1012 3489 1194 3550 officio
1221 3489 1558 3550 claudicare.
1639 3490 1742 3548 Ad
1769 3491 1917 3550 hanc
1944 3497 2141 3550 autem
2170 3493 2207 3547 4

211 3579 489 3638 rationem
523 3578 791 3656 quoniam
828 3578 1137 3638 maximam
1161 3579 1280 3638 vim
1303 3585 1510 3640 natura
1533 3580 1728 3648 habet,
1755 3579 1984 3638 fortuna
2009 3596 2142 3655 pro-

212 3665 455 3738 n'mann
494 3668 791 3748 utriusque
817 3668 1043 3728 omnino
1066 3667 1334 3728 habenda
1351 3668 1497 3728 ratio
1517 3668 1646 3727 est
1628 3687 1689 3728 ιιι
1713 3664 2018 3743 deligendo
2041 3683 2142 3744 ge-
