2484 4175
283 309 397 365 122
1109 323 1187 362 nn
1216 320 1474 363 omens

383 452 845 532 suppeditantem
880 452 1223 532 voluptateS,
1261 452 1644 531 depellentem
1683 452 1925 512 dolores,
2008 451 2328 512 Fortitudi-

381 561 512 601 nem
539 561 767 621 quoque
795 543 984 620 aliquo
1017 541 1195 602 modo
1230 543 1556 621 expediunt,
1589 563 1721 602 cum
1760 543 2018 612 tradunt,
2045 544 2328 602 rationem

281 639 353 692 13
383 633 747 712 negligendae
792 633 991 692 mortis
1040 633 1510 711 perpetiendique
1557 633 1782 692 doloris.
1863 633 2053 691 Etiam
2101 641 2326 712 tempe·

382 723 623 783 rantiam
662 723 958 792 inducunt,
986 742 1101 782 non
1139 723 1404 782 facillime
1431 723 1785 801 illi'quidem,
1815 723 1918 781 sed
1957 731 2155 781 tamen
2181 743 2326 801 quo-

383 831 499 893 quo
524 813 697 873 modo
735 819 991 892 possunt.
1073 813 1288 872 Dicunt
1327 813 1504 882 enim,
1521 812 1831 892 voluptatis
1869 813 2324 892 magnitudinem

382 904 595 963 doloris
623 904 972 964 detractione
1013 903 1172 963 finiri.
1253 903 1294 962 J
1293 903 1488 961 ustitia
1511 903 1758 972 vacillat,
1785 903 1878 962 vel
1912 903 2070 982 jacet
2110 903 2338 982 potius,-

303 1040 313 1051 .
382 1011 692 1074 omnesque
739 1014 825 1054 eae
868 995 1125 1062 virtutes,
1175 1012 1307 1072 quae
1351 993 1409 1051 in
1457 993 1859 1052 communitate
1906 1001 2219 1053 cernuntur
2265 1001 2323 1052 et

282 1088 355 1143 14
382 1083 440 1143 in
466 1085 739 1144 societate
778 1085 999 1165 generis
1036 1084 1287 1142 humani.
1367 1083 1574 1161 Neque
1601 1084 1750 1142 enim
1778 1083 2018 1152 bonitas,
2048 1102 2156 1142 nec
2182 1084 2321 1143 libe·

381 1175 593 1245 ralitaS,
634 1195 739 1236 nec
788 1176 1025 1235 comitas
1072 1193 1197 1234 esse
1245 1179 1453 1252 potest,
1501 1193 1618 1232 non
1663 1173 1795 1252 plus
1833 1192 2008 1251 quam
2053 1173 2322 1242 amicitia,

381 1266 429 1324 si
472 1267 603 1326 haec
642 1284 756 1325 non
796 1285 901 1345 per
940 1285 1001 1325 se
1041 1271 1401 1344 expetantur,
1443 1263 1548 1322 sed
1595 1263 1673 1322 ad
1711 1263 2068 1341 voluptatem
2110 1264 2322 1322 utilita-

282 1359 355 1416 15
382 1361 572 1416 temve
617 1356 953 1417 referantur.
1035 1354 1410 1414 Conferamus
1456 1352 1632 1433 igitur
1675 1353 1734 1412 in
1775 1371 1977 1432 pauca.
2060 1354 2218 1412 Nam
2257 1361 2324 1413 ut

382 1446 686 1505 utilitatem
724 1445 940 1504 nullam
978 1463 1104 1503 esse
1144 1443 1460 1512 docuimus,
1502 1462 1634 1521 quae
1670 1443 1956 1503 honestati
1993 1451 2149 1503 esset
2187 1463 2321 1504 con-

382 1535 573 1603 traria,
616 1535 697 1593 sic
746 1553 973 1594 omnem
1012 1534 1370 1612 voluptatem
1410 1533 1649 1592 dicimus
1688 1533 1978 1592 honestati
2015 1553 2144 1592 esse
2183 1553 2319 1593 con·

279 1630 353 1684 16
382 1623 628 1682 trariam.
714 1624 843 1693 Quo
872 1624 1056 1703 magis
1082 1624 1582 1702 reprehendendos
1610 1624 2006 1703 Calliphonem
2042 1632 2103 1684 et
2143 1625 2319 1684 Dino-

382 1715 651 1774 machum
692 1713 906 1792 judico,
954 1714 1053 1793 qui
1100 1733 1163 1772 se
1210 1714 1596 1792 dirempturos
1650 1715 2088 1774 controversiam
2143 1721 2314 1793 puta·

380 1811 603 1876 verunt,
632 1804 681 1864 si
718 1824 851 1863 cum
874 1805 1174 1863 honestate
1206 1804 1578 1882 voluptatem,
1609 1811 1903 1883 tamquam
1932 1825 2062 1867 cum
2088 1806 2318 1864 homine

277 1896 352 1958 1'1
380 1896 679 1976 pecudem,
718 1895 1153 1974 copulavissent.
1236 1895 1371 1953 Non
1407 1894 1613 1973 recipit
1649 1895 1818 1954 istam
1859 1895 2318 1975 conjunctionem

377 1988 683 2056 honestam
725 1991 1077 2065 aspernatur,
1106 1984 1347 2064 repellit.
1429 1983 1557 2044 Nec
1582 2003 1719 2045 vero
1759 1986 1883 2044 finis
1920 1987 2202 2046 bonorum
2233 1985 2319 2066 [et

376 2075 703 2158 malorum]‚
754 2077 852 2156 qui
898 2076 1139 2156 simplex
1184 2094 1312 2135 esse
1359 2075 1551 2145 debet,
1593 2096 1666 2135 ex
1711 2076 2093 2136 dissimillimis
2141 2078 2317 2137 rebus

276 2175 349 2229 18
377 2169 601 2229 misceri
648 2176 709 2227 et
752 2167 1060 2247 temperari
1114 2173 1324 2246 potest.
1406 2164 1527 2224 Sed
1581 2166 1656 2225 de
1710 2167 1822 2227 hoc
1877 2168 2110 2248 (magna
2165 2168 2315 2227 enim

274 2265 348 2319 19
376 2278 467 2318 res
498 2257 613 2338 est)
642 2259 753 2318 alio
790 2258 919 2317 loco
955 2258 1231 2336 pluribus.
1313 2256 1482 2314 Nunc
1523 2256 1600 2315 ad
1640 2257 2016 2336 propositum.
2099 2258 2312 2328 Quem-

374 2347 689 2407 admodum
732 2347 922 2426 igitur,
972 2347 1021 2406 si
1066 2348 1298 2425 quando
1345 2365 1431 2415 ea,
1481 2366 1614 2426 quae
1659 2347 1888 2407 videtur
1933 2347 2168 2418 utilitaS,
2210 2348 2311 2407 ho-

373 2437 582 2497 nestati
632 2444 938 2515 repugnat,
980 2436 1348 2515 dijudicanda
1398 2458 1490 2498 res
1545 2438 1636 2507 sit,
1679 2438 1816 2497 satis
1853 2444 1944 2497 est
1983 2456 2160 2517 supra
2201 2437 2310 2496 dis-

270 2533 348 2587 20
376 2534 659 2606 putatum.
742 2525 844 2585 Sin
882 2531 1078 2585 autem
1115 2528 1364 2606 speciem
1403 2528 1660 2588 utilitatis
1700 2527 1873 2587 etiam
1898 2527 2170 2606 voluptas
2210 2529 2309 2587 ha·

372 2618 509 2677 bere
535 2616 772 2685 dicetur,
799 2616 958 2675 nulla
998 2623 1195 2695 potest
1233 2636 1360 2677 esse
1395 2619 1448 2677 ei
1485 2639 1616 2678 cum
1641 2618 1940 2678 honestate
1967 2618 2307 2696 conjunctio·

269 2715 344 2769 21
375 2707 529 2768 Nam
572 2713 643 2766 ut
688 2706 1007 2766 tribuamus
1060 2706 1279 2786 aliquid
1322 2708 1622 2787 voluptati,
1671 2707 2011 2769 condimenti
2063 2708 2309 2768 fortasse

370 2797 641 2870 nonnihil,
669 2796 926 2858 utilitatis
953 2804 1109 2857 certe
1134 2797 1276 2859 nihil
1303 2799 1552 2861 habebit.

268 2987 343 3041 22
452 2982 651 3042 Habes
689 2999 727 3039 a
765 2988 929 3061 patre
969 2999 1195 3049 munus„
1226 2980 1420 3040 Marce
1459 2980 1555 3051 fili,
1584 2998 1715 3039 mea
1750 2978 1985 3058 quidem
2023 2979 2308 3039 sententia

372 3090 686 3151 magnum;
740 3071 845 3131 sed
890 3070 1125 3150 perinde
1172 3070 1294 3140 erit,
1335 3078 1405 3129 ut
1437 3064 1754 3148 acceperis.
1835 3070 2204 3147 Quamquam
2248 3069 2307 3127 hi

370 3160 473 3220 tibi
518 3168 637 3219 tres
682 3161 811 3222 libri
855 3161 1003 3220 inter
1050 3160 1312 3239 Cratippi
1358 3159 1791 3220 commentarios
1832 3166 2130 3237 tamquam
2174 3159 2305 3219 hos-

268 3256 343 3309 23
372 3250 519 3328 pites
566 3256 733 3309 erunt
771 3250 1092 3329 recipiendi.
1174 3249 1296 3309 Sed
1334 3256 1418 3318 ut,
1459 3250 1507 3309 si
1547 3250 1670 3329 ipse
1702 3248 1989 3309 'venissem
2014 3248 2302 3318 Athenas,

373 3337 555 3418 (quod
597 3340 828 3418 quidem
870 3347 1021 3399 esset
1066 3341 1303 3411 factum,
1352 3340 1458 3399 nisi
1503 3359 1596 3398 me
1637 3358 1670 3398 e
1709 3338 1899 3398 medio
1937 3358 2112 3397 cursu
2153 3339 2304 3399 clara
2425 3422 2427 3427 1

369 3448 511 3488 voce
551 3429 738 3508 patria
774 3427 1138 3508 revocasset)
1168 3429 1474 3509 aliquando
1513 3448 1606 3488 me
1635 3447 1862 3527 quoque
1898 3427 2164 3487 audires:
2207 3428 2302 3497 sic,

368 3517 635 3597 quoniam
660 3518 749 3577 his
776 3518 1151 3578 voluminibus
1177 3519 1255 3578 ad
1282 3520 1627 3599 te.profecta
1652 3538 1766 3579 vox
1793 3525 1884 3577 est
1907 3536 2056 3588 mea,
2083 3518 2304 3577 tribues

366 3608 458 3668 his
513 3608 784 3686 temporis
836 3614 1115 3686 quantum
1168 3609 1423 3687 poteris:
1485 3609 1699 3689 poteris
1751 3615 1966 3678 autem,
2021 3616 2303 3687 quantum

264 3700 341 3755 24
368 3696 541 3758 voles.
626 3697 775 3757 Cum
814 3716 951 3757 vero
989 3697 1338 3767 intellexero,
1366 3704 1427 3757 te
1464 3698 1576 3758 hoc
1617 3698 1866 3763 scientiae
1907 3716 2118 3781 genere
2159 3716 2304 3779 gaue
