2484 4175
867 329 1042 370 nana
1069 331 1110 372 1.
1191 331 1327 372 01111.
1354 331 1549 373 xxm.
2148 317 2230 376 49

179 458 382 518 cidunt
419 457 778 529 necessariae,
805 457 866 519 in
903 459 1114 538 quibus
1150 461 1432 520 utendum
1470 468 1561 526 est
1596 461 1839 522 fortasse
1880 465 1939 520 et
1966 460 2123 522 vocis

179 550 540 608 contentione
580 550 796 628 majore
835 557 896 608 et
935 551 1238 610 verborum
1279 551 1563 628 gravitate
1590 551 1821 619 acriore,
1847 551 1911 610 id
1950 569 2122 630 agen-

179 639 322 698 dum
349 640 522 698 etiam
547 647 614 698 ut
641 659 710 698 ea
735 641 926 698 facere
952 641 1248 700 videamur
1284 641 1447 700 irati:
1490 641 1593 700 sed
1633 648 1701 700 ut
1726 641 1803 700 ad
1837 641 2123 702 urendum

179 736 238 787 01
267 729 598 798 secandum,
629 730 710 788 sic
737 731 813 789 ad
841 730 954 789 hoc
980 749 1162 808 genus
1203 731 1520 810 castigandi
1558 750 1687 790 raro
1726 731 1995 809 invitique
2022 750 2119 792 ve-

179 819 417 887 niemus,
475 839 580 878 nec
635 839 904 897 unquam,
960 820 1064 879 nisi
1117 821 1451 890 necessario,
1500 821 1549 880 si
1600 823 1757 881 nulla
1810 821 2125 900 reperietur

175 909 289 966 alia
333 909 628 968 medicina.
712 909 829 968 Sed
869 918 1064 968 tamen
1103 910 1186 968 ira
1226 911 1428 989 procul
1467 911 1636 980 absit,
1668 931 1801 972 cum
1828 930 1943 990 qua
1982 911 2121 972 nihil

178 1005 332 1057 recte
359 999 498 1068 fieri,
525 999 663 1057 nihil
689 999 1042 1058 considerate
1068 1007 1278 1077 potest.
1362 1000 1635 1080 Magnam
1674 1009 1869 1060 autem
1896 1009 2122 1080 partem
2149 1005 2186 1059 4

176 1089 445 1147 clementi
471 1089 840 1168 castigatione
869 1089 1012 1165 11001Ι
1021 1090 1124 1170 uti,
1144 1090 1427 1168 gravitate
1448 1097 1641 1150 tamen
1666 1091 1958 1170 adjuncta,
1976 1097 2045 1150 ut
2062 1097 2123 1150 et

173 1179 452 1238 severitas
479 1178 835 1247 adhibeatur,
858 1187 919 1238 et
945 1180 1289 1238 contumelia
1315 1181 1641 1258 repellatur.
1720 1182 1921 1259 Atque
1948 1181 2121 1240 etiam
2148 1188 2183 1240 5

171 1269 322 1328 illud
348 1270 556 1347 ipsum,
585 1268 743 1346 quod
766 1269 1092 1328 acerbitatis
1119 1269 1299 1328 habet
1324 1270 1668 1349 objurgatiO,
1686 1268 2122 1350 significandum

171 1367 284 1428 est,
307 1360 484 1438 ipsius
510 1360 570 1419 id
591 1377 780 1429 causa,
802 1360 900 1438 qui
925 1360 1281 1439 objurgetur,
1304 1379 1429 1418 esse
1456 1368 1809 1439 susceptum.
1872 1361 2122 1421 Rectum
2146 1364 2185 1419 6

173 1458 266 1509 est
293 1457 493 1509 autem
532 1450 705 1510 etiam
743 1450 802 1508 in
837 1449 947 1510 illis
988 1449 1458 1520 contentionibus,
1486 1469 1617 1529 quae
1644 1471 1776 1512 cum
1812 1449 2119 1512 inimicissi-

171 1542 286 1600 mis
313 1541 480 1609 fiunt,
508 1540 730 1600 etiamsi
753 1541 919 1601 nobis
943 1539 1176 1620 indigna
1215 1540 1533 1611 audiamus,
1560 1548 1754 1602 tamen
1780 1543 2122 1622 gravitatem

172 1632 441 1699 retinere,
468 1631 819 1691 iracundiam
847 1631 1076 1710 pellere.
1157 1631 1303 1700 Quae
1344 1632 1494 1690 enim
1520 1651 1653 1692 cum
1677 1633 1867 1712 aliqua
1893 1640 2116 1712 pertur-
2142 1639 2185 1697 7

169 1722 406 1780 batione
431 1721 592 1790 fiunt,
622 1741 692 1780 ea
715 1741 824 1781 nec
865 1713 1190 1780 constanter
1228 1722 1349 1781 fieri
1388 1728 1645 1800 possunt,
1672 1742 1857 1801 neque
1895 1724 1979 1794 iis,
2022 1725 2121 1804 qui

171 1811 404 1880 adsunt,
426 1812 672 1890 probari.
753 1812 1026 1870 Deforme
1054 1812 1226 1871 etiam
1252 1819 1359 1880 est,
1382 1813 1457 1871 de
1484 1832 1547 1872 se
1572 1813 1761 1891 ipsum
1787 1814 2116 1891 praedicare,
2147 1823 2185 1877 8

169 1901 325 1959 falsa
351 1902 688 1981 praesertim,
717 1908 780 1961 et
805 1921 940 1962 cum
965 1902 1216 1962 irrisione
1256 1901 1607 1962 audientium
1642 1903 1847 1962 imitari
1882 1905 2119 1964 militem

171 1991 512 2070 gloriosum.

251 2173 526 2232 XXXIX.
555 2172 634 2233 Et
659 2172 927 2251 quoniam
953 2172 1140 2232 omnia
1167 2171 1577 2253 persequimur,
1596 2172 1861 2233 volumus
1886 2174 2118 2253 quidem

173 2270 350 2332 certe,
370 2264 674 2323 dicendum
694 2270 784 2323 est
801 2264 991 2332 etiam,
1011 2264 1240 2342 qualem
1268 2263 1511 2322 hominis
1537 2264 1799 2323 honorati
1826 2270 1885 2323 et
1911 2266 2115 2343 princi-

173 2353 262 2432 pis
287 2354 332 2413 d
349 2373 384 2413 o
399 2373 460 2412 m
476 2372 594 2413 um
619 2355 846 2434 placeat
873 2373 1036 2413 esse:
1067 2354 1232 2433 cujus
1260 2354 1385 2413 finis
1418 2360 1508 2413 est
1531 2372 1689 2423 usus,
1720 2354 1793 2413 ad
1822 2374 1995 2435 quem
2020 2375 2114 2417 ac-

171 2442 596 2504 commodanda
636 2452 724 2503 est
763 2444 1084 2504 aedificandi
1123 2444 1447 2524 descripti0,
1476 2451 1537 2504 et
1560 2451 1753 2505 tamen
1792 2446 2118 2506 adhibenda

173 2534 594 2593 commoditatis
619 2534 1026 2615 dignitatisque
1037 2534 1361 2617 diligentia.
1446 2536 1551 2594 Cn.
1584 2535 1845 2606 Octavi0‚
1875 2538 1975 2615 qui
2000 2538 2113 2615 pri·
2142 2544 2179 2599 2

169 2644 302 2683 mus
331 2645 403 2684 ex
430 2624 528 2683 illa
552 2625 765 2684 familia
791 2626 988 2685 consul
1015 2626 1202 2685 factus
1224 2634 1331 2695 est,
1352 2626 1553 2685 honori
1576 2626 1751 2685 fuisse
1770 2627 2113 2706 accepimus,

169 2715 332 2793 quod
373 2715 709 2794 praeclaram
747 2716 1137 2775 aedificasset
1121 2736 1180 2776 111
1215 2716 1443 2775 Palatio
1470 2722 1529 2775 et
1555 2715 1784 2794 plenam
1822 2716 2113 2796 dignitatis

171 2806 450 2865 domum:
493 2825 625 2885 quae
651 2819 784 2878 mm
810 2807 984 2887 vulgo
1010 2806 1305 2878 viseretur,
1332 2828 1361 2866 s
1554 2816 1652 2867 ata
1691 2808 1937 2883 domin0,
1964 2828 2115 2869 novo

169 2896 406 2966 homini,
431 2896 508 2955 ad
529 2898 888 2956 consulatum
915 2898 1251 2975 putabatur.
1334 2884 1501 2957 Hanc
1530 2898 1781 2957 Scaurus
1808 2874 2112 2957 demolitus
2140 2907 2177 2959 3

165 2988 554 3048 accessionem
591 2987 854 3091 adjunxit
900 2988 1138 3092 aedibus.
1221 2990 1429 3067 Itaque
1466 2988 1603 3047 1110
1587 3006 1647 3045 111
1685 3006 1851 3046 suam
1876 2986 2113 3047 domum

165 3168 230 3226 in
280 3167 522 3228 domum
569 3168 1005 3246 multiplicatam
1049 3188 1166 3227 non
1203 3169 1495 3246 repulsam
1533 3168 1720 3227 solum
1757 3168 1967 3237 retulit,
2008 3122 2113 3229 sed

163 3258 536 3336 ignominiam
563 3259 736 3317 etiam
762 3266 823 3317 et
850 3259 1252 3319 calamitatem.
1334 3256 1611 3318 Ornanda
1636 3265 1726 3317 est
1752 3259 1902 3319 enim
1930 3258 2110 3339 digni-
2139 3264 2178 3319 4

165 3356 260 3406 tas
287 3348 480 3417 domn,
509 3367 626 3407 non
651 3368 724 3408 ex
751 3349 924 3410 domo
949 3358 1074 3409 tota
1099 3350 1443 3428 quaerenda:
1486 3368 1591 3410 nec
1632 3348 1808 3409 domo
1830 3350 2111 3419 dominus,

163 3438 274 3496 sed
299 3438 534 3497 domino
559 3438 766 3498 domus
794 3440 1148 3499 honestanda
1175 3447 1282 3499 est.
1351 3440 1431 3500 Et
1446 3447 1515 3499 ut
1540 3440 1600 3499 in
1620 3440 1819 3499 ceteris
1844 3438 2111 3498 habenda
2140 3448 2177 3501 ⁵

161 3529 316 3589 ratio
339 3548 458 3589 non
482 3548 590 3588 sua
629 3531 832 3600 solum,
861 3531 966 3589 sed
1006 3531 1178 3589 etiam
1225 3531 1497 3591 aliorum:
1540 3531 1621 3590 sic
1658 3531 1717 3589 in
1756 3530 1930 3589 domo
1976 3528 2114 3588 clari

159 3618 430 3689 hominis,
460 3620 520 3678 in
544 3639 722 3698 quam
747 3626 810 3679 01
834 3620 1087 3699 hospites
1126 3620 1295 3679 multi
1319 3620 1641 3699 recipiendi,
1671 3626 1730 3678 01
1755 3616 2113 3677 admittenda

157 3710 466 3772 hominum
490 3711 772 3791 cujusque
798 3710 956 3771 modi
983 3710 1311 3781 multitudo,
1344 3709 1669 3771 adhibenda
1694 3726 1831 3768 cura
1856 3713 1947 3767 est
1971 3706 2110 3769 laxi·
