2484 4175
266 287 345 343 ⁰0
1105 298 1183 339 nn
1210 296 1466 339 omens

370 428 719 507 laudentque
756 448 845 499 ea,
874 447 1007 507 quae
1044 427 1336 489 laudanda
1367 446 1483 486 non
1509 425 1640 496 sint,
1667 424 1745 485 ob
1769 442 1914 492 eam,
1943 422 2134 493 credo,
2163 440 2312 483 cau·

290 544 307 565 ι
371 540 513 589 sam,
541 520 701 598 quod
725 520 858 579 insit
882 520 941 577 in
966 519 1055 579 his
1082 518 1296 597 aliquid
1322 517 1504 597 probi,
1531 516 1690 595 quod
1715 514 1904 595 capiat
1929 514 2173 593 ignaros,
2205 512 2314 591 qui

370 610 621 689 quidem,
674 610 813 688 quid
866 610 925 669 in
976 628 1321 687 unaquaque
1371 627 1436 667 re
1489 607 1610 667 vitii
1661 606 1751 675 sit,
1808 611 2094 683 nequeant
2141 604 2312 683 judi-

372 720 519 760 care.
602 701 809 777 Itaque
848 719 983 759 cum
1022 708 1159 759 sunt
1185 698 1342 758 docti
1369 717 1406 757 a
1432 697 1645 777 peritis,
1675 697 1957 757 desistunt
1981 697 2147 756 facile
2175 716 2312 757 sen·

372 790 563 851 tentia.
646 790 753 850 IV.
796 790 944 849 Haec
982 789 1159 869 igitur
1196 788 1398 857 officia,
1428 787 1502 847 de
1527 786 1738 866 quibus
1772 788 1861 847 his
1895 788 2052 847 libris
2078 787 2312 847 disseri·

371 900 518 951 mus,
538 881 703 959 quasi
722 879 973 939 secunda
990 879 1260 958 quaedam
1287 879 1528 939 honesta
1553 897 1678 937 esse
1699 877 1916 947 dicunt,
1941 896 2058 937 non
2081 878 2314 956 sapien-

372 971 515 1031 tium
532 970 707 1031 modo
723 970 969 1049 propria,
986 969 1090 1029 sed
1110 989 1243 1029 cum
1259 968 1411 1028 omni
1427 968 1722 1027 hominum
1737 986 1944 1047 genere
1961 967 2310 1027 communia.

374 1062 581 1141 Itaque
618 1060 707 1120 bis
734 1079 948 1130 omma,
974 1060 1033 1119 in
1058 1060 1270 1138 quibus
1308 1066 1396 1118 est
1421 1057 1646 1118 virtutis
1685 1057 1920 1127 indoles,
1947 1077 2314 1118 commoven-

308 1158 345 1213 2
374 1161 485 1213 tur.
566 1151 693 1211 Nec
722 1171 856 1211 vero
896 1170 1029 1211 cum
1056 1150 1173 1211 duo
1200 1149 1364 1209 Decii
1397 1154 1500 1208 aut
1526 1148 1644 1207 duo
1671 1148 1962 1227 Scipiones
1996 1148 2177 1207 fortes
2205 1148 2318 1208 viri

374 1249 905 1311 commemorantur,
932 1249 1037 1301 aut
1074 1261 1209 1301 cum
1233 1239 1526 1300 Fabricius
1551 1246 1655 1298 aut
1679 1238 1964 1298 Aristides
1984 1238 2182 1318 justus
2207 1258 2314 1299 no-

374 1334 636 1402 minatur,
665 1340 767 1392 aut
806 1334 882 1393 ab
918 1331 1029 1391 illis
1072 1330 1434 1399 fortitudinis,
1465 1336 1568 1389 aut
1607 1330 1684 1389 ab
1723 1329 1812 1389 his
1846 1329 2122 1408 justitiae,
2158 1336 2314 1387 tam-

310 1432 347 1485 8
376 1444 551 1503 quam
578 1442 615 1482 a
640 1423 913 1503 sapiente,
943 1421 1159 1503 petitur
1184 1421 1529 1501 exemplum.
1597 1420 1789 1481 Nemo
1815 1420 1965 1479 enim
1990 1420 2203 1479 borum
2229 1420 2318 1480 sic

374 1515 618 1593 sapiens,
636 1520 703 1572 ut
728 1512 1041 1591 sapientem
1061 1512 1326 1571 volumus
1363 1510 1602 1591 intelligi
1623 1530 1639 1580 ;
1681 1530 1786 1570 nec
1813 1511 1867 1580 ii,
1897 1510 1999 1589 qui
2023 1511 2320 1589 sapientes

264 1594 271 1600 ’
374 1603 556 1663 habiti
582 1608 642 1661 et
668 1602 956 1672 nominati,
987 1602 1066 1662 M.
1100 1602 1252 1661 Cato
1279 1609 1340 1661 et
1377 1602 1443 1662 Ο.
1473 1602 1700 1670 Laelius,
1729 1601 2016 1680 sapientes
2040 1602 2318 1670 fuerunt;

374 1711 447 1753 ne
473 1693 553 1751 illi
572 1692 803 1770 quidem
831 1698 1091 1769 septem:
1134 1692 1239 1751 sed
1265 1710 1340 1751 ex
1363 1692 1681 1752 mediorum
1707 1691 2020 1751 officiorum
2045 1692 2318 1770 frequen-

310 1789 351 1843 4
376 1783 457 1843 tia
482 1780 901 1841 similitudinem
926 1780 1217 1861 quandam
1257 1784 1536 1863 gerebant
1562 1783 1924 1864 speciemque
1947 1782 2316 1861 sapientium.

376 1873 657 1945 Quocirca
694 1892 799 1933 nec
841 1872 917 1942 id,
944 1873 1104 1951 quod
1130 1892 1266 1933 vere
1300 1874 1606 1933 honestum
1633 1879 1738 1943 est,
1765 1874 1854 1932 fas
1883 1880 1973 1932 est
2001 1892 2134 1931 cum
2159 1873 2320 1932 utili-

375 1965 511 2035 tatis
528 1964 907 2045 repugnantia
926 1964 1274 2043 comparari:
1315 1982 1421 2023 nec
1441 1963 1521 2035 id,
1544 1964 1700 2042 quod
1721 1963 2096 2023 communiter
2111 1964 2318 2043 appel-

376 2056 563 2116 lamus
600 2055 925 2130 honestum,
954 2054 1111 2135 quod
1152 2055 1358 2116 colitur
1387 2055 1465 2117 ab
1491 2054 1575 2124 iis,
1603 2055 1704 2134 qui
1738 2056 1917 2116 bonos
1945 2074 2008 2115 se
2033 2054 2186 2115 viros
2209 2055 2328 2122 hae

378 2147 500 2208 beri
538 2147 755 2216 volunt,
798 2167 931 2206 cum
974 2146 1369 2206 emolumentis
1411 2165 1668 2224 unquam
1711 2153 1800 2206 est
1843 2146 2318 2224 comparandum.

312 2247 349 2300 5
378 2238 631 2317 Tamque
670 2238 731 2296 id
769 2237 1090 2306 honestum,
1120 2237 1280 2316 quod
1315 2237 1374 2295 in
1399 2244 1654 2296 nostram
1681 2236 2113 2316 intelligentiam
2138 2235 2318 2305 cadit,

376 2328 656 2388 tuendum
682 2327 1245 2405 conservandumque
1271 2327 1434 2386 nobis
1461 2334 1565 2396 est,
1594 2346 1770 2405 quam
1795 2327 1956 2396 illud,
1985 2326 2143 2404 quod
2179 2345 2319 2405 pro—

313 2423 351 2478 6
380 2419 502 2496 prie
529 2416 735 2476 dicitur
777 2419 1023 2494 vereque
1048 2425 1139 2477 est
1162 2418 1487 2486 honestum,
1509 2418 1876 2496 sapientibus.
1943 2417 2135 2476 Aliter
2159 2417 2322 2476 enim

376 2507 558 2566 teneri
598 2525 711 2565 non
752 2513 959 2585 potest,
990 2507 1039 2566 si
1062 2527 1179 2586 qua
1218 2508 1296 2567 ad
1331 2509 1600 2569 virtutem
1641 2516 1730 2568 est
1767 2509 1924 2568 facta
1963 2507 2316 2588 progressio,

378 2596 501 2656 Sed
538 2596 665 2656 baec
697 2597 927 2674 quidem
964 2596 1038 2656 de
1078 2598 1163 2667 iis,
1206 2599 1306 2677 qui
1343 2600 1765 2660 conservatione
1814 2599 2126 2658 officiorum
2165 2597 2320 2656 exis·

314 2688 350 2748 ‘1
378 2687 653 2746 timantur
678 2687 827 2748 boni.
910 2688 1022 2759 Qui
1048 2695 1241 2748 autem
1269 2690 1460 2749 omnia
1485 2690 1799 2749 metiuntur
1823 2689 2223 2750 emolumentis
2249 2695 2322 2748 et

378 2777 708 2849 commodis,
736 2797 919 2858 neque
946 2798 1017 2839 ea
1040 2779 1240 2838 volunt
1266 2779 1693 2859 praeponderari
1717 2780 2034 2848 honestate,
2061 2779 2102 2837 ii
2127 2779 2322 2838 solent

377 2868 437 2928 in
464 2869 832 2930 deliberando
866 2870 1173 2929 honestum
1200 2890 1334 2930 cum
1361 2870 1634 2948 eor-quod
1659 2870 1800 2929 utile
1829 2876 2050 2948 putant,
2079 2888 2316 2948 compa·

315 2967 353 3020 8
378 2979 536 3020 rare:
578 2961 713 3022 boni
738 2961 841 3020 viri
864 2979 980 3020 non
1006 2960 1205 3020 solent.
1275 2961 1479 3040 Itaque
1506 2961 1782 3030 existimo,
1811 2959 2148 3028 Panaetium,
2177 2979 2317 3018 cum

380 3051 602 3119 dixerit,
638 3051 895 3111 homines
942 3051 1123 3110 solere
1165 3050 1225 3109 in
1265 3051 1376 3109 hac
1415 3051 1835 3131 comparatione
1876 3050 2157 3118 dubitare,
2199 3049 2316 3108 hoc

380 3141 571 3220 ipsum
598 3143 854 3211 sensisse,
884 3142 1040 3220 quod
1068 3141 1290 3210 dixerit,
1329 3141 1511 3201 solere
1553 3141 1744 3210 modo,
1771 3159 1888 3200 non
1925 3140 2098 3199 etiam
2144 3159 2316 3218 opor-

314 3237 353 3290 9
380 3237 517 3289 tere.
598 3231 825 3290 Etenim
862 3251 977 3290 non
1014 3231 1191 3291 modo
1228 3231 1409 3310 pluris
1446 3238 1652 3310 putare
1678 3230 1838 3310 quod
1864 3230 2004 3290 utile
2031 3229 2316 3299 videatur,

381 3338 554 3397 quam
578 3320 737 3397 quod
774 3322 1098 3390 honestum,
1128 3322 1231 3381 sed
1272 3323 1398 3380 haec
1435 3322 1608 3382 etiam
1633 3322 1779 3381 inter
1805 3339 1868 3380 se
1894 3339 2228 3400 comparare
2253 3328 2320 3380 et

381 3410 439 3468 in
464 3409 553 3468 his
581 3408 937 3480 addubitare,
966 3411 1359 3490 turpissimum
1385 3419 1492 3472 est.

282 3585 355 3642 10
464 3578 616 3650 Quid
662 3559 805 3657 e'rgo
842 3586 949 3648 est,
993 3579 1153 3657 quod
1198 3600 1608 3659 nonnunquam
1655 3580 2067 3642 dubitationem
2111 3579 2322 3641 afferre

382 3669 565 3730 soleat
590 3669 1176 3749 considerandumque
1195 3670 1460 3730 videatur
1476 3672 1505 3730 ‘3
1575 3671 1788 3741 Credo,
1815 3671 1864 3731 si
1889 3670 2122 3750 quando
2147 3669 2318 3732 dubi-
