2484 4175
257 291 336 348 66
1085 302 1164 344 nr.
1207 301 1463 346 omens

261 440 334 496 16
365 436 510 505 Quae
530 432 578 494 si
597 433 813 513 populo
831 433 1092 494 Romano
1116 432 1327 513 injuste
1352 431 1655 512 imperanti
1680 432 1939 494 accidere
1966 439 2302 512 potuerunt,

363 525 502 604 quid
529 524 742 584 debent
768 532 978 604 putare
1003 524 1210 604 singuli
1229 525 1258 583 ‘2

261 615 333 675 1⁷
444 613 614 684 Quod
661 633 792 672 cum
839 613 1203 692 perspicuum
1250 613 1339 683 sit,
1384 613 1777 673 benivolentiae
1828 613 1943 672 vim
1998 633 2126 673 esse
2176 633 2305 674 ma·

363 724 555 784 gnam,
585 712 772 763 metus
797 703 1174 764 imbecillam:
1215 698 1472 783 sequitur
1497 709 1565 762 ut
1589 703 1946 772 disseramus,
1976 704 2183 782 quibus
2212 723 2303 762 re-

361 797 471 855 bus
516 794 780 854 facillime
828 793 1110 872 possimus
1155 811 1303 863 eam,
1346 812 1520 873 quam
1564 793 1845 862 volumus,
1886 793 2127 872 adipisci
2164 813 2307 852 cum

362 885 576 944 honore
603 890 663 944 et
687 884 802 943 fide
829 883 1136 944 caritatem.
1195 883 1313 943 Sed
1340 902 1411 942 ea
1436 902 1550 941 non
1574 882 1789 961 pariter
1814 903 2011 942 omnes
2038 903 2305 962 egemus.

261 981 334 1034 18
363 975 516 1034 Nam
557 974 634 1035 ad
675 975 952 1055 cujusque
978 973 1154 1034 vitam
1195 973 1512 1032 institutam
1551 972 2101 1032 accommodandum
2128 981 2237 1043 est,
2268 992 2308 1032 a

261 1072 334 1125 19
361 1065 626 1124 multisne
651 1084 798 1143 opus
825 1064 916 1134 sit,
945 1083 1019 1122 an
1043 1065 1180 1123 satis
1207 1064 1283 1124 sit
1307 1082 1345 1122 a
1370 1063 1567 1143 paucis
1602 1062 1777 1142 diligi.
1860 1063 2101 1121 Certum
2128 1063 2309 1142 igitur

361 1157 472 1216 hoc
499 1155 588 1225 sit,
617 1155 790 1234 idque
817 1161 877 1214 et
916 1154 1162 1233 primum
1201 1160 1263 1212 et
1298 1153 1545 1212 maxime
1586 1152 1985 1222 necessarium,
2013 1153 2307 1214 familiari-
2350 1159 2357 1168 “

362 1253 512 1306 tates
537 1247 750 1306 habere
775 1245 921 1305 fidas
960 1243 1271 1304 amantium
1294 1262 1399 1303 nos
1427 1243 1739 1302 amicorum
1766 1249 1825 1301 et
1852 1251 2051 1302 nostra
2089 1244 2305 1302 miran-

259 1343 336 1397 20
363 1337 522 1396 tium.
605 1337 754 1396 Haec
781 1336 930 1394 enim
957 1341 1046 1394 est
1084 1353 1201 1393 una
1238 1353 1330 1393 res
1372 1339 1697 1426 P¹'⁰¹'⁸}¹.⁵‚³.·f¹,¹»t
1722 1351 1836 1392 non
1860 1333 2112 1392 multum
2140 1333 2306 1393 diffe-

361 1434 454 1486 rat
477 1427 624 1485 inter
649 1443 900 1484 summos
927 1431 988 1484 et
1013 1423 1329 1483 mediocres
1348 1424 1497 1484 viros
1517 1422 1741 1500 iss'eaque
1766 1422 2023 1501 utrisque
2050 1430 2143 1482 est
2169 1443 2307 1502 pro-

231 1561 238 1568 .
259 1522 331 1576 21
363 1514 674 1595 pemodum
718 1514 1118 1591 comparanda.
1199 1513 1433 1572 Honore
1480 1520 1541 1572 et
1586 1512 1769 1592 gloria
1814 1519 1876 1571 et
1921 1513 2311 1573 benivolentia

361 1605 565 1664 civium
592 1604 830 1662 fortasse
855 1622 971 1661 non
997 1621 1157 1680 aeque
1185 1621 1381 1662 omnes
1408 1609 1597 1682 egent,
1618 1601 1721 1662 sed
1748 1608 1940 1662 tamen
1966 1604 2014 1662 si
2042 1603 2139 1662 cui
2164 1603 2305 1664 haee

363 1700 693 1772 suppetunt,
723 1692 1000 1771 adjuvant
1025 1693 1377 1770 aliquantum
1416 1701 1541 1752 tum
1566 1692 1642 1751 ad
1670 1700 1877 1762 cetera,
1904 1699 2031 1752 tum
2058 1693 2136 1752 ad
2164 1693 2309 1752 ami-

362 1784 522 1844 citias
547 1782 974 1863 comparandas,

441 1963 545 2024 IX.
589 1963 708 2023 Sed
750 1964 824 2023 de
867 1963 1110 2024 amicitia
1148 1963 1259 2022 alio
1296 1963 1442 2024 libro
1468 1963 1687 2023 dictum
1716 1971 1820 2034 est,
1849 1964 1947 2042 qui
1974 1963 2312 2024 inscribitur

249 2071 256 2080 ·
285 2054 292 2064 '
362 2055 588 2116 Laelius.
670 2055 840 2117 Nunc
883 2055 1138 2115 dicamus
1178 2054 1253 2113 de
1288 2055 1419 2134 glo
1436 2055 1568 2124 ria,
1598 2073 1949 2134 quamquam
1976 2073 2044 2113 ea
2070 2072 2309 2133 quoque

362 2147 436 2207 de
461 2166 524 2206 re
547 2147 664 2207 duo
685 2153 820 2206 sunt
846 2146 1023 2205 nostri
1049 2146 1208 2206 libri:
1239 2145 1343 2204 sed
1370 2144 1733 2224 attingamus,
1752 2144 2219 2223 quandoquidem
2238 2164 2311 2203 ea

297 2243 334 2296 ⁴2
362 2237 421 2295 in
437 2238 610 2297 rebus
629 2237 938 2315 majoribus
958 2235 1414 2295 administrandis
1433 2236 1673 2313 adjuvat
1692 2236 2015 2313 plurimum.
2064 2234 2311 2293 Summa

361 2328 535 2406 igitur
561 2333 620 2384 et
647 2326 902 2403 perfecta
939 2324 1120 2405 gloria
1149 2332 1373 2385 constat
1398 2344 1471 2383 ex
1496 2326 1679 2385 tribus
1706 2326 1827 2384 his:
1868 2324 1917 2383 si
1943 2324 2129 2405 diligit
2155 2326 2307 2383 mul-

364 2416 568 2483 titudo,
597 2415 665 2478 si
685 2415 857 2473 fidem
895 2415 1090 2487 habet,
1117 2416 1167 2474 si
1206 2435 1339 2474 cum
1381 2415 1749 2483 admiratione
1792 2414 2041 2494 quadam
2079 2416 2308 2476 honore

299 2513 333 2565 3
364 2506 566 2583 dignos
594 2510 778 2582 putat.
859 2504 1002 2563 Haec
1029 2512 1242 2575 autem,
1272 2506 1319 2563 si
1346 2513 1435 2565 est
1462 2505 1790 2585 simpliciter
1828 2504 2191 2582 breviterque
2218 2505 2306 2564 di-

363 2593 624 2663 cendum,
667 2593 874 2671 quibus
915 2594 1088 2653 rebus
1132 2584 1429 2674 pariuntur
1471 2615 1509 2655 a
1550 2595 1805 2675 singulm,
1852 2594 2066 2653 eisdem
2105 2594 2230 2653 fere
2270 2613 2310 2653 a

361 2683 737 2744 multitudine.
819 2682 940 2742 Sed
965 2690 1054 2743 est
1080 2684 1222 2744 alius
1259 2704 1489 2764 quoque
1527 2684 1762 2764 quidam
1788 2684 1976 2743 aditus
2003 2683 2081 2742 ad
2106 2685 2307 2743 multi-

364 2773 634 2843 tudinem,
661 2781 730 2833 ut
754 2772 814 2833 in
837 2773 1229 2835 universorum
1256 2775 1472 2835 animos
1511 2783 1806 2855 tamquam
1842 2774 2076 2833 influere
2118 2774 2309 2851 possi·

362 2884 507 2924 mus.

299 2959 337 3014 4
441 2956 536 3015 Ac
578 2952 824 3033 primum
867 2954 942 3013 de
979 2953 1088 3015 illis
1127 2954 1327 3025 tribuet,
1356 2974 1488 3033 quae
1526 2952 1818 3047 ante'ldixi,
1852 2952 2307 3055 be‘pivolen-

363 3053 390 3105 t
405 3045 426 3105 i
441 3066 492 3105 ae
549 3052 840 3125 praecepta
885 3044 1210 3105 videamus:
1268 3064 1398 3123 quae
1454 3032 1713 3123 quidem*³
1744 3031 1976 3123 capitur
2014 3042 2309 3127 beneficiis

364 3136 644 3193 maxime:
687 3135 938 3195 secundo
981 3142 1174 3194 autem
1217 3134 1345 3194 loco
1372 3135 1627 3194 benefica
1653 3133 1947 3193 voluntate
1972 3134 2306 3193 benivolen-

299 3234 336 3285 5
363 3225 444 3282 tia
469 3232 746 3293 movetur,
769 3225 986 3283 etiamsi
1013 3244 1103 3285 res
1129 3226 1279 3285 forte
1304 3244 1419 3283 non
1448 3224 1721 3303 suppetit.
1784 3223 2174 3283 Vehementer
2198 3242 2306 3281 au-

367 3322 485 3373 tem
511 3332 670 3371 amor
696 3314 1074 3374 multitudinis
1115 3322 1506 3375 commovetur
1530 3316 1655 3393 ipsa
1681 3314 1836 3372 fama
1862 3321 1922 3372 et
1950 3313 2209 3392 opinione
2236 3313 2307 3373 li·

365 3402 691 3473 beralitatis,
741 3403 1142 3474 beneficentiae,
1188 3405 1440 3483 justitiae‚
1492 3405 1643 3473 fidei,
1690 3403 2055 3482 omniumque
2102 3420 2310 3462 earum

365 3494 658 3561 virtutum,
688 3512 819 3571 quae
848 3494 1130 3572 pertinent
1155 3495 1231 3553 ad
1258 3495 1752 3555 mansuetudinem
1788 3513 2015 3552 morum
2054 3512 2121 3552 ac
2162 3493 2309 3552 faci-

301 3590 338 3644 6
365 3584 599 3644 litatem.
679 3582 907 3642 Etenim
951 3583 1094 3643 illud
1136 3584 1342 3662 ipsum,
1372 3584 1527 3664 quod
1567 3586 1873 3643 honestum
1914 3584 2311 3661 decorumque

365 3674 622 3743 dicimus,
651 3672 784 3752 quia
807 3692 912 3753 per
937 3692 1000 3733 se
1026 3673 1189 3734 nobis
1215 3674 1425 3753 placet,
1452 3674 1780 3753 animosque
1819 3673 2071 3734 omnium
2096 3678 2314 3735 natura
