2484 4175
298 317 377 374 98
1140 327 1219 368 οι
1247 327 1502 368 omens

402 459 687 540 opposuit,
738 457 987 538 speeiem
1033 457 1348 516 honestatis
1390 475 1576 534 neque
1626 456 1996 534 probabilem,
2043 475 2152 516 nee
2205 475 2348 516 sane

400 551 681 610 idoneam.
761 549 1031 608 Peccavit
1056 547 1246 627 igitur,
1275 566 1418 625 paee
1445 547 1536 606 vel
1565 547 1780 616 Quirini
1807 547 1898 605 vel
1925 547 2157 606 Romuli
2185 547 2338 606 dixe-

338 646 376 701 6
402 641 527 699 rim.
608 640 733 698 Nee
781 646 975 697 tamen
1020 646 1233 696 nostrae
1279 637 1444 696 nobis
1490 637 1764 698 utilitates
1811 638 2144 697 omittendae
2187 645 2344 706 sunt,

402 730 637 808 aliisque
676 728 991 798 tradendae,
1031 748 1164 787 eum
1201 728 1292 786 his
1330 727 1440 806 ipsi
1479 745 1787 806 egeamus:
1829 727 1930 786 sed
1971 747 2094 786 snae
2133 728 2346 806 cuique

339 822 374 882 ’1
402 819 647 888 utilitati,
666 811 823 897 quod
848 818 967 877 sine
994 818 1225 877 alterius
1251 818 1456 896 injuria
1481 819 1598 886 fiat,
1619 817 1976 877 serviendum
2003 825 2109 876 est.
2184 818 2344 878 Seite

404 909 783 988 Chrysippus,
810 915 879 968 ut
922 908 1136 967 multa:
1180 909 1294 978 Qui
1337 907 1604 976 stadium,
1647 908 1844 985 inquit,
1877 907 2070 977 currit,
2099 908 2241 966 eniti
2281 915 2346 967 et

402 998 747 1059 contendere
772 998 963 1068 debet,
992 1016 1166 1076 quam
1190 998 1436 1056 maxime
1471 997 1667 1076 possit,
1694 1005 1762 1056 ut
1801 998 2025 1065 vineat3
2065 997 2349 1077 supplan-

402 1097 529 1149 tare
570 1108 722 1158 eum,
750 1089 981 1168 quieum
1022 1095 1218 1156 certet,
1262 1095 1364 1146 aut
1403 1107 1582 1146 manu
1624 1088 1924 1166 depellere,
1966 1087 2125 1145 nullo
2167 1089 2352 1146 modo

403 1180 597 1240 debet.
680 1179 775 1240 Sic
802 1179 861 1237 in
885 1179 1005 1238 vita
1030 1178 1137 1237 sibi
1176 1195 1462 1255 quemque
1503 1184 1718 1256 petere,
1745 1177 1903 1254 quod
1943 1177 2230 1254 pertineat
2267 1178 2352 1237 ad

332 1303 347 1314 ·
404 1290 593 1340 usum,
620 1289 736 1328 non
761 1269 1017 1346 iniquum
1044 1275 1168 1336 est3
1210 1268 1374 1326 alteri
1403 1267 1678 1346 deripere,
1702 1267 1800 1345 jus
1825 1285 1938 1325 non
1965 1273 2070 1326 est.

342 1367 379 1419 8
483 1360 732 1418 Maxime
778 1367 973 1418 autem
1024 1359 1434 1443 perturbantur
1481 1357 1663 1416 officia
1701 1357 1759 1414 in
1796 1357 2092 1425 amicitiis3
2133 1357 2348 1435 quibui·

406 1457 467 1509 et
490 1468 606 1508 non
630 1449 897 1516 tribuere,
926 1447 1084 1525 quod
1110 1454 1265 1506 reete
1306 1447 1506 1526 possiS‚
1536 1455 1596 1506 et
1633 1447 1900 1516 tribuere,
1930 1447 2088 1524 quod
2127 1467 2246 1507 non
2273 1448 2350 1506 sit

340 1545 377 1599 9
408 1557 656 1616 aequum,
685 1543 884 1596 eontra
909 1537 1156 1596 officium
1182 1543 1286 1595 est.
1369 1537 1488 1595 Sed
1514 1537 1688 1616 hujus
1715 1537 1938 1617 generis
1963 1537 2140 1595 totius
2169 1537 2351 1596 breve

406 1635 467 1687 et
503 1646 617 1685 non
660 1627 883 1685 difficile
928 1633 1283 1704 proeeeptum
1326 1634 1432 1686 est.
1514 1628 1660 1697 Quoe
1699 1627 1848 1686 enim
1873 1627 2139 1685 videntur
2163 1627 2348 1697 utilia,

403 1718 665 1784 honores,
712 1715 939 1785 divitiae,
984 1717 1332 1794 voluptates,
1382 1724 1572 1776 cetera
1618 1717 1842 1797 generis
1884 1718 2165 1796 ejusdem,
2217 1719 2348 1777 haec

304 1814 379 1869 10
406 1807 666 1868 amicitiae
691 1825 983 1884 nunquam
1009 1806 1410 1885 anteponenda
1437 1815 1586 1867 sunt.
1668 1809 1968 1885 Atneque
1996 1815 2195 1866 eontra
2223 1827 2350 1867 ren.

406 1898 714 1978 publicam,
742 1916 927 1976 neque
954 1903 1151 1956 eontra
1173 1896 1272 1974 jus
1306 1896 1617 1974 jurandum
1643 1915 1711 1955 ae
1739 1897 1928 1966 fidem,
1957 1897 2122 1956 amici
2149 1917 2350 1966 eausa,

404 1989 491 2049 vir
514 1989 699 2048 bonus
724 1988 931 2056 faciet3
972 1988 1045 2046 ne
1072 1987 1121 2045 si
1142 1985 1328 2065 judex
1345 1986 1576 2064 quidem
1593 1987 1701 2046 erit
1721 1987 1794 2045 de
1815 1987 1940 2066 ipso
1965 1987 2166 2047 amice.
2230 1988 2341 2046 Po⁴

303 2086 375 2141 11
405 2079 490 2139 nit
516 2079 666 2140 enim
695 2098 997 2158 personam
1024 2076 1205 2147 amici,
1236 2097 1369 2136 eum
1395 2076 1579 2137 induit
1599 2076 1830 2156 judicis.
1911 2077 2158 2137 Tantum
2181 2077 2348 2138 dabit

406 2171 685 2239 amicitiae,
714 2174 783 2228 ut
805 2187 1001 2227 veram
1026 2168 1191 2227 amici
1218 2186 1449 2226 eausam
1488 2186 1612 2225 esse
1639 2167 1835 2226 malit:
1876 2175 1944 2226 ut
1971 2168 2206 2227 orandae
2233 2169 2352 2228 litis
2461 2206 2463 2211 -

305 2266 378 2321 12
406 2267 653 2338 tempus,
682 2258 877 2336 quoad
904 2277 1007 2336 per
1025 2258 1185 2336 leges
1210 2257 1395 2327 liceat,
1415 2257 1826 2317 accommodet.
1911 2258 2059 2316 Cum
2086 2277 2229 2317 vero
2250 2260 2349 2338 ju-

404 2356 533 2408 rato
558 2347 837 2407 sententia
862 2347 1105 2407 dicenda
1143 2348 1233 2416 sit,
1263 2347 1595 2416 meminerit,
1625 2347 1798 2407 (lemn
1839 2366 1902 2406 se
1941 2348 2219 2407 adhibere
2261 2357 2324 2408 te

406 2445 571 2506 stem,
599 2436 661 2495 id
702 2443 809 2503 est,
851 2444 919 2495 ut
960 2455 1071 2517 ego
1112 2436 1373 2505 arbitror,
1401 2443 1656 2496 mentem
1695 2457 1876 2507 suam,
1906 2456 2022 2516 qua
2058 2439 2200 2497 nihil
2239 2440 2326 2498 he

303 2534 379 2590 13
406 2526 543 2587 mini
568 2525 727 2584 dedit
754 2525 897 2585 deus
935 2526 1061 2604 ipse
1086 2527 1346 2587 divinius,
1427 2528 1635 2604 Itaque
1663 2528 1996 2605 praeelarum
2037 2546 2074 2586 a
2111 2529 2334 2608 majori-

404 2618 515 2677 bus
554 2616 878 2695 accepimus
921 2634 1140 2675 morem
1182 2615 1425 2696 rogandi
1465 2617 1690 2695 judieiS,
1733 2618 1782 2675 si
1827 2636 1960 2676 eum
1998 2624 2349 2689 teneremus,

408 2726 535 2785 quoe
558 2708 717 2766 salva
747 2706 871 2783 fide
895 2708 1087 2783 facere
1115 2709 1314 2782 possit.
1396 2708 1540 2767 Haee
1580 2707 1804 2787 rogatio
1843 2706 1918 2767 ad
1959 2726 2028 2767 ea
2067 2708 2346 2787 pertinet,

404 2818 539 2878 quae
564 2798 740 2877 paulo
764 2803 897 2855 ante
924 2797 1041 2856 dixi
1066 2798 1304 2857 honeste
1345 2798 1528 2857 amieo
1567 2816 1602 2855 a
1639 2797 1834 2876 judice
1876 2816 2046 2875 posse
2087 2800 2346 2860 concedi.

303 2894 379 2950 14
404 2889 558 2949 Nam
600 2887 649 2948 si
686 2887 874 2949 omnia
910 2887 1171 2947 facienda
1210 2888 1341 2957 sint,
1383 2906 1514 2966 quae
1559 2887 1724 2947 amici
1750 2888 1958 2947 velint:
2000 2906 2116 2947 non
2151 2889 2347 2948 ansei-

305 2986 378 3044 15
405 2981 503 3041 tiae
546 2980 706 3050 tales,
756 2978 860 3038 sed
898 2978 1314 3057 conjurationes
1353 2978 1627 3057 putandae
1665 2978 1795 3037 sint.
1875 2977 2108 3056 Loquor
2147 2987 2348 3039 autem

405 3070 482 3129 de
510 3070 901 3130 eommunibus
919 3068 1189 3129 amicitiis.
1259 3068 1413 3126 Nam
1439 3068 1496 3127 in
1523 3068 1871 3147 sapientibus
1890 3068 2022 3127 viris
2047 3069 2346 3147 perfectis-

306 3166 379 3221 16
405 3152 519 3237 que
544 3159 684 3218 nihil
710 3166 901 3238 potest
926 3178 1052 3219 esse
1077 3158 1210 3218 tale.
1293 3158 1610 3217 Damonem
1631 3166 1692 3218 et
1716 3159 2022 3227 Phintiam,
2043 3159 2344 3239 Pythago-

405 3266 551 3315 reos,
578 3248 771 3307 ferunt
793 3248 905 3307 hoe
932 3250 1119 3308 animo
1158 3248 1306 3308 inter
1331 3267 1393 3307 se
1431 3248 1624 3317 fuisse,
1652 3254 1735 3318 ut,
1779 3268 1912 3308 eum
1951 3266 2151 3307 eorum
2177 3248 2344 3307 alteri

408 3336 715 3415 Dionysius
740 3344 1017 3415 tyrannus
1046 3339 1194 3397 diem
1235 3339 1390 3398 neeis
1416 3338 1828 3407 destinavisset,
1865 3345 1926 3397 et
1953 3338 2018 3407 is,
2047 3339 2147 3416 qui
2173 3337 2343 3397 morti

408 3425 674 3488 addictus
714 3434 883 3495 esset,
926 3446 1139 3506 paucos
1178 3429 1287 3487 sibi
1328 3428 1450 3487 dies
1491 3426 2068 3488 commendandorum
2109 3446 2340 3487 suorum

408 3534 581 3575 eausa
608 3515 1010 3595 postulavisset
1032 3536 1045 3575 :
1087 3536 1189 3576 vas
1214 3518 1403 3577 faetus
1430 3525 1520 3577 est
1545 3519 1692 3577 alter
1717 3518 1844 3597 ejus
1871 3516 2142 3587 sistendi;
2185 3525 2268 3586 ut,
2295 3516 2340 3575 si

308 3604 381 3680 17
408 3605 504 3666 ille
528 3626 644 3666 non
669 3606 1010 3677 revertisset,
1030 3607 1387 3669 moriendum
1413 3616 1566 3667 esset
1591 3608 1715 3687 ipsi.
1786 3608 1898 3678 Qui
1925 3628 2058 3667 eum
2086 3607 2165 3667 ad
2193 3608 2340 3667 diem

410 3714 474 3767 se
498 3696 823 3789 recepisset,
849 3696 1160 3770 admiratus
1186 3714 1386 3773 eonnn
1411 3698 1586 3773 fidem
1613 3704 1908 3777 tyrannus,
1936 3698 2158 3792 petivit,
2185 3704 2254 3758 ut
2273 3714 2342 3755 se
