2484 4175
112 1992 155 2021 r..
207 1966 324 2011 2

266 318 343 374 ⁸2
1103 332 1181 373 nn
1208 330 1468 375 orn-lons

366 461 547 568 mines
584 496 591 501 -
630 460 899 521 lurimum
940 460 1266 521 hominibus
1303 468 1364 521 et
1401 460 1620 539 prosint
1649 466 1712 519 et
1735 458 1959 518 obsint:
2003 456 2308 537 proprium

367 551 479 610 hoc
504 542 595 618 fita
620 540 847 611 uo'esse
873 550 1205 611 virtutis
1242 551 1538 610 conciliare
1573 550 1792 609 animos
1816 548 2112 607 hominum
2137 554 2198 607 et
2223 547 2310 607 ad

302 646 339 699 6
368 661 505 717 usus
546 660 680 699 suos
720 641 1051 719 adjungere.
1138 641 1364 718 Itaque,
1391 660 1526 720 quae
1552 639 1612 701 in
1643 640 1818 698 rebus
1842 638 2114 707 inanimis,
2143 656 2306 715 quae-

368 750 479 808 que
506 730 565 790 in
590 750 703 790 usu
722 738 783 789 et
806 737 991 791 tracta
1018 730 1145 812 'one'
1168 731 1470 792 beluarum
1495 730 1640 789 fiunt
1663 729 1876 789 utiliter
1901 728 1980 787 ad
2005 728 2302 787 hominum

245 870 258 877 -
367 820 563 889 vitam,
592 821 811 880 artibus
851 839 920 879 ea
1104 818 1285 879 ‘untur
1310 819 1597 899 operosis;
1635 819 1931 879 hominum
1957 824 2152 876 autem
2177 824 2308 875 stu-

366 910 461 969 dia
484 910 565 969 ad
589 909 1081 990 amplificationem
1112 916 1436 969 nostrarum
1471 929 1664 969 rerum
1689 916 1958 989 prompta
1981 927 2052 967 ac
2078 912 2306 985 parata,

302 1000 337 1060 ’1
368 1000 615 1061 virorum
640 1000 1035 1079 praestantium
1060 1000 1338 1079 sapientia
1363 1008 1424 1059 et
1447 1000 1658 1060 virtute
1681 1000 2016 1059 excitantur.
2069 996 2309 1057 Etenim

365 1090 545 1149 virtus
588 1091 771 1149 omnis
812 1091 995 1151 tribus
1036 1090 1097 1149 in
1132 1090 1306 1149 rebus
1340 1090 1460 1149 fere
1489 1090 1758 1149 vertitur:
1801 1107 2044 1167 quarum
2067 1106 2185 1147 una
2213 1094 2312 1147 est

364 1180 423 1238 in
466 1180 873 1259 perspiciendo,
903 1180 1041 1260 quid
1080 1180 1141 1239 in
1166 1198 1393 1258 quaque
1434 1200 1497 1239 re
1539 1199 1740 1239 verum
1775 1179 2166 1256 sincerumque
2207 1178 2311 1247 sit,

366 1271 502 1348 quid
530 1278 969 1331 consentaneum
996 1270 1215 1349 cuique,
1245 1270 1384 1347 quid
1411 1288 1780 1347 consequens,
1807 1288 1881 1328 ex
1904 1287 2020 1346 quo
2046 1266 2310 1346 quidque

302 1366 339 1419 8
366 1360 654 1439 gignatur,
680 1378 813 1438 quae
843 1360 1119 1438 cujusque
1144 1360 1227 1419 rei
1253 1379 1426 1419 causa
1453 1360 1559 1427 sit;
1599 1360 1860 1435 alterum,
1883 1358 2149 1418 cohibere
2173 1378 2308 1417 mo-

368 1456 461 1507 tus
498 1449 669 1507 animi
706 1450 983 1518 turbatos,
1024 1468 1169 1533 quos
1211 1450 1407 1509 Graeci
1445 1450 1598 1519 πάδη
1639 1450 1972 1518 nominant,-
1993 1448 2307 1527 appetitio-

366 1556 597 1615 nesque,
634 1556 777 1615 quas
811 1539 891 1599 illi
928 1538 1110 1617 ὁρμὰς,
1138 1539 1470 1599 obedientes
1509 1540 1730 1599 efficere
1767 1530 2004 1607 rafidim
2045 1539 2306 1607 tertium,

365 1628 446 1697 iis,
476 1628 817 1705 quibuscum
858 1646 1288 1707 congregamur,
1317 1629 1403 1687 uti
1441 1631 1734 1689 moderate
1771 1636 1833 1688 et
1871 1628 2126 1697 scienter,
2155 1648 2307 1707 quo-

364 1738 493 1777 rum
537 1717 737 1777 studiis
780 1736 866 1787 ea,
904 1736 1032 1796 quae
1068 1726 1274 1777 natura
1305 1719 1608 1788 desiderat,
1637 1720 1868 1798 expleta
1893 1719 2306 1797 cumulataque

366 1808 698 1877 habeamus,
728 1826 833 1886 per
870 1807 1235 1886 eosdemque,
1264 1808 1312 1867 si
1343 1808 1484 1887 quid
1521 1809 1864 1887 importetur
1893 1808 2055 1867 nobis
2081 1807 2304 1867 incom—

322 1957 336 1968 ,
362 1897 537 1967 modi,
566 1898 983 1976 propulsemus,
1012 1898 1462 1977 ulciscamurque
1489 1918 1604 1969 008,
1635 1898 1734 1977 qui
1770 1916 1974 1957 nocere
2009 1898 2170 1959 nobis
2197 1918 2304 1959 co-

302 2045 307 2049 .
365 1982 483 2059 nati
522 1994 673 2057 sunt,
712 1994 986 2067 tantaque
1026 2007 1202 2066 poena
1239 1989 1564 2058 afficiamus,
1594 1995 1868 2067 quantam
1907 1990 2146 2068 aequitas
2183 1989 2304 2049 hu-

365 2078 719 2159 manitasque
746 2078 977 2159 patitur.

444 2259 551 2319 VI.
572 2259 801 2357 fluibus
820 2267 1015 2320 autem
1040 2259 1352 2320 rationibus
1378 2261 1525 2320 hanc
1551 2261 1884 2320 facultatem
1911 2261 2135 2340 assequi
2160 2281 2298 2340 pos·

300 2355 305 2360 '
364 2349 557 2416 simus,
580 2353 647 2407 ut
672 2348 966 2407 hominum
992 2351 1183 2408 studia
1202 2351 1652 2428 complectamur
1671 2370 1850 2429 eaque
1877 2358 2190 2421 teneamus,
2207 2352 2298 2411 di-

366 2456 578 2505 cemus,
606 2455 790 2514 neque
814 2437 895 2496 ita
920 2439 1103 2498 multo
1129 2446 1295 2518 post:
1337 2439 1440 2499 sed
1480 2458 1666 2519 pauca
1703 2447 1836 2498 ante
1872 2441 2112 2500 dicenda
2137 2449 2296 2501 sunt.

300 2533 335 2586 2
365 2525 635 2604 Magnam
659 2525 775 2586 vim
800 2545 925 2585 esse
950 2527 1009 2586 in
1046 2529 1374 2588 fortuna
1407 2529 1465 2588 in
1489 2537 1790 2608 utramque
1817 2537 2056 2608 partem,
2084 2531 2178 2590 vel
2202 2551 2296 2592 se-

299 2621 335 2674 3
366 2615 580 2674 cundas
601 2615 676 2673 ad
700 2634 810 2700 res,
832 2617 923 2676 vel
949 2617 1236 2687 adversas,
1258 2619 1386 2696 quis
1411 2619 1637 2698 ignorat
1653 2621 1681 2678 ἱ)
1736 2620 1890 2678 Nam
1915 2627 1976 2678 et
2002 2639 2134 2678 cum
2161 2639 2296 2699 pro-

364 2723 532 2782 spero
574 2671 741 2784 firmi*
757 2705 883 2784 ejus
920 2706 1149 2776 utimur,
1178 2707 1257 2766 ad
1297 2708 1482 2767 exitus
1524 2709 1887 2786 pervehimur
1923 2716 2191 2787 optatos3
2231 2719 2294 2770 et

300 2799 337 2854 4
366 2814 497 2854 cum
522 2785 762 2865 reflavit,
784 2794 1101 2874 affligimur.
1171 2797 1316 2856 Haec
1343 2797 1520 2877 igitur
1543 2799 1670 2877 ipsa
1695 2799 1925 2858 fortuna
1951 2807 2172 2858 ceteros
2199 2819 2295 2860 ca·

362 2904 463 2944 sus
497 2885 735 2944 rariores
774 2885 967 2954 habet,
996 2886 1243 2964 primum
1271 2888 1348 2947 ab
1371 2887 1628 2948 inanimis
1653 2890 1951 2967 procellae,
1979 2895 2293 2968 tempesta-

363 2981 468 3044 tes,
496 2973 809 3056 naufragia,
835 2976 1043 3046 ruinas,
1072 2976 1366 3036 incendia:
1410 2976 1618 3036 deinde
1656 2996 1694 3036 a
1727 2979 1920 3038 bestiis
1945 2979 2112 3049 ictus,
2137 3000 2291 3041 mor-

300 3072 335 3125 6
364 3083 479 3133 sus,
508 3065 773 3144 impetus,
856 3065 1005 3125 Haec
1032 3085 1191 3146 erg0,
1212 3072 1280 3124 ut
1305 3066 1436 3134 dixi,
1465 3067 1690 3126 rariora.
1760 3068 1848 3126 At
1871 3087 2006 3128 vero
2031 3069 2296 3150 interitus

362 3155 731 3224 exercituum,
752 3162 819 3214 ut
845 3157 1099 3234 proxime
1124 3157 1316 3225 trium,
1347 3176 1507 3236 saepe
1533 3158 1861 3228 multorum,
1891 3159 2084 3218 clades
2109 3159 2190 3231 im
2269 3195 2326 3245 -J
2392 3198 2420 3230 s

361 3249 631 3310 ratorum,
674 3251 743 3302 ut
784 3263 969 3322 nuper
1014 3247 1219 3306 summi
1261 3253 1322 3306 et
1363 3246 1660 3326 singularis
1702 3248 1822 3318 viri,
1870 3221 2181 3327 invidiassff'p
2211 3271 2294 3310 εε-
2313 3231 2386 3264 '⁴⁴'

361 3337 518 3388 terea
536 3331 928 3401 multitudinis,
948 3341 1121 3412 atque
1140 3337 1216 3395 ob
1242 3355 1341 3396 eas
1367 3336 1512 3395 bene
1539 3337 1870 3396 meritorum
1897 3357 2056 3416 saepe
2083 3339 2296 3398 civium

360 3419 736 3498 expulsiones,
762 3422 1128 3494 calamitates,
1157 3424 1354 3504 fugae3
1393 3445 1702 3504 rursusque
1745 3426 2014 3486 secundae
2047 3446 2157 3497 res,
2185 3429 2292 3487 ho-

360 3528 543 3586 aql-³3⁸,
572 3508 825 3588 imperia,
849 3510 1115 3584 victoriae,
1138 3531 1486 3592 quamquam
1510 3515 1748 3574 fortuita
1772 3523 1924 3585 sunt,
1953 3525 2146 3575 tamen
2169 3519 2296 3577 sine

296 3587 327 3601 ”
359 3600 654 3660 hominum
694 3599 901 3679 opibus
948 3606 1008 3659 et
1048 3599 1251 3662 studiis
1297 3611 1560 3664 neutram
1600 3605 1661 3664 in
1706 3612 1932 3684 partem
1971 3605 2118 3666 effici
2159 3627 2294 3686 pos-

868 3689 880 3699 ο

359 3696 511 3749 mt-
1675 3721 1686 3737 ι

970 3745 985 3764 ’ἱ
1076 3788 1083 3796 ·
1134 3769 1144 3787 ι
1285 3733 1326 3792 (θ
1349 3740 1464 3784 ;—u¹:''
1575 3771 1612 3789 ..1
1661 3769 1668 3776 ι
1738 3723 1953 3786 *·*⁴⁵·ssh¹.³'
1987 3723 2123 3790 ,χ’-’,κ
2165 3737 2172 3752 1

837 3791 841 3802 “
1056 3801 1063 3808 ·
1126 3800 1143 3814 Α
1186 3795 1224 3816 Ι4
1323 3796 1330 3804 ‘
1989 3791 2003 3808 Ὦ
2035 3809 2042 3824 ι

321 3827 523 3894 ism*
